2583 4011
1110 124 1466 159 LUE'I'JOHANNI.
2328 127 2390 158 VII

179 252 325 289 autem
360 245 497 287 codex
530 244 607 284 fol.
643 245 723 284 162
765 242 856 282 sive
895 239 1047 295 viginti
1088 239 1473 293 quaternionibus,
1515 253 1536 279 0
1578 239 1734 293 quibus
1769 240 1975 294 septimus
2009 238 2179 283 decem.
2213 239 2390 280 ultimus

179 318 347 370 septem
388 312 493 354 folia
533 310 857 367 complectitur;
902 308 1210 364 quaterniones
1252 321 1390 362 usque
1429 307 1482 348 ad
1524 307 1800 348 undecimum
1842 309 2051 348 numerati
2086 313 2203 353 sunt,
2238 309 2394 349 ceteris

178 383 348 424 numeri
380 382 552 423 desunt.
616 378 854 420 Continent
886 382 1033 419 autem
1066 381 1240 432 praeter
1271 390 1336 427 ea,
1370 390 1480 431 quae
1514 377 1598 416 iam
1633 377 1980 418 conuncmsnuvi.
2016 378 2086 417 fol.
2128 380 2259 418 l—-7¹¹
2281 377 2393 418 med.

181 451 406 493 Ciceronis
439 449 651 491 Catonem
691 448 897 489 maiorem
939 447 1112 487 saeculo
1144 445 1234 486 XII
1273 450 1499 487 exaratum
1541 449 1583 485 et
1625 445 1685 485 ita
1725 445 1994 499 inscriptum:
2048 446 2317 497 la'.1·«·‹7,timn=s
2347 446 2395 485 ela·

178 520 282 562 libro
325 519 457 561 Tullii
502 517 715 560 Ciceronis
753 531 873 568 quem
913 516 1083 567 scripsit
1123 515 1182 555 ad
1215 515 1355 556 Tae'tum
1395 514 1444 554 (lc
1481 517 1710 558 sometime,-
1749 520 1837 554 tum
1877 514 1949 554 fol.
1984 517 2158 554 7³—s=·
2191 522 2392 570 excerpta

182 590 235 631 de
285 589 486 644 Gregorii
532 587 800 628 Turonensis
850 585 1030 626 historia
1076 584 1344 625 Francorum
1399 584 1445 639 (¹-
1480 584 1548 630 11,
1583 584 1771 637 21—25)
1820 597 1916 624 euni
1967 583 2044 623 hac
2096 584 2393 639 inscriptione:

183 658 412 711 Greqorius
446 656 704 698 Turonensis
741 655 790 695 (le
830 658 974 696 sancto
1008 654 1182 696 Sidonio
1213 654 1504 694 Arvernorum
1536 653 1742 704 (wis-rosus,
1791 653 1844 692 ab
1885 653 1970 693 alia
2003 667 2150 693 manu.
2194 654 2266 693 sed
2307 654 2392 707 ipsa

179 741 350 783 quoque
384 726 559 768 saeculo
582 724 672 766 XII
705 729 906 767 exarata:
941 723 1098 765 deinde
1130 724 1200 763 fol.
1225 723 1278 764 8¹²
1302 723 1484 763 Ausonii
1518 721 1571 763 de
1602 721 1867 762 Caesar-iim
1901 736 2051 762 versus
2086 721 2394 776 soptmndovim

180 797 243 851 (hi
275 800 421 838 autem
454 795 617 837 Sidonii
651 807 748 836 csse
781 793 982 835 dicuntur
1026 793 1105 834 hac
1143 793 1185 833 in
1226 792 1423 846 margine
1468 792 1668 848 apposita
1710 791 2010 846 ins‹.*ripti‹›ne:
2052 791 2220 831 Sidonii
2256 805 2397 830 rmus-us

179 866 228 907 dc
258 865 474 906 duodecem
501 865 821 917 imperatoribus
838 863 1064 918 Ronanus)
1099 867 1141 904 et
1167 863 1302 919 ipsius
1325 861 1489 903 Sidonii
1516 862 1864 917 inscriptionem:
1898 861 2084 916 (lenique
2108 862 2179 901 fol.
2201 861 2396 901 9—113‘2b

180 933 348 975 Sidonii
380 934 589 990 epistulas
624 938 667 975 et
699 934 902 983 carmina,
936 937 1065 988 atque
1098 933 1205 973 haec
1239 932 1426 987 quidem,
1460 936 1508 973 ut
1532 932 1714 973 Ausonii
1748 946 1915 977 versus,
1951 931 2125 972 saeculo
2159 930 2198 970 X
2234 931 2299 970 vel
2335 930 2392 970 Xl

180 1004 358 1045 ineunte
397 1003 572 1058 scripta.
645 1002 851 1044 Codicem
892 1003 1029 1058 primo
1071 1003 1112 1042 in
1153 1001 1371 1057 Hispania
1412 1002 1657 1057 inspectum
1703 1000 1992 1056 descripserat
2031 1001 2194 1041 Paulus
2233 999 2396 1040 Ewald.

179 1076 333 1128 postca
362 1073 404 1113 in
439 1072 720 1114 Germaniam
754 1072 1055 1113 transmissum
1088 1071 1282 1112 Berolini
1315 1071 1408 1126 ipsc
1441 1075 1578 1112 totum
1613 1071 1790 1111 contuli.

325 1141 468 1182 Huius
506 1142 635 1197 plane
681 1143 893 1197 gemellus
945 1147 1012 1183 est
1059 1141 1164 1182 cod.
1196 1141 1488 1182 Vaticanus
1523 1142 1648 1181 3421
1686 1139 2045 1181 membranaceus
2088 1139 2251 1179 formae
2293 1152 2395 1192 qua-

185 1210 336 1252 dratae
382 1211 556 1251 saeculo
588 1211 629 1252 X
671 1212 763 1267 pari
807 1211 1027 1267 elegantia
1058 1224 1199 1265 neque
1233 1214 1378 1251 tamen
1412 1208 1564 1250 cadem
1599 1208 1827 1264 diligentia
1865 1213 2070 1249 exaratus
2105 1222 2188 1262 qua
2221 1207 2395 1248 (fluuia-

182 1280 337 1321 eensis.
418 1278 603 1320 Constat
640 1279 711 1322 fol.
750 1281 849 1328 163;
902 1284 944 1321 et
986 1279 1180 1321 eontinet
1220 1278 1292 1319 fol.
1330 1280 1372 1317 1Ωι
1402 1277 1587 1319 Ausonii
1631 1277 1683 1318 de
1719 1276 1982 1317 Caesaribus
2021 1290 2173 1318 versus
2208 1281 2397 1332 septem-

182 1348 337 1400 decim,
373 1348 446 1389 fol.
485 1347 700 1390 1Ῑ’---158ξι
733 1349 899 1390 Sidonii
935 1350 1146 1405 epistulas
1180 1352 1224 1390 et
1256 1348 1460 1400 carmina,
1497 1347 1567 1388 fol.
1596 1347 1840 1388 wsb—1153
1876 1350 2088 1387 tractatus
2112 1345 2395 1386 Christianos.

183 1417 341 1458 Totum
374 1418 537 1459 contuli
569 1418 753 1459 Romae.

329 1487 533 1544 Denique
564 1488 671 1529 cod.
703 1488 985 1530 Parisinus
1019 1489 1146 1529 2168
1179 1487 1544 1528 membranaceus
1577 1486 1738 1527 formae
1772 1490 1950 1527 octavae
1980 1485 2154 1526 saeculo
2179 1484 2217 1525 X
2244 1484 2309 1525 vel
2336 1483 2395 1523 XI

180 1571 237 1598 ex
269 1556 424 1599 eodem
465 1571 548 1613 quo
582 1557 885 1600 Cluniacensis
920 1563 963 1599 et
986 1558 1226 1599 Vaticanus
1259 1559 1362 1598 3421
1405 1556 1642 1612 archetypo
1682 1555 1940 1597 nitidissime
1981 1554 2268 1610 transcriptus
2311 1558 2396 1593 est:

179 1625 288 1667 adeo
321 1626 548 1668 vocabulis
588 1632 663 1668 aut
707 1627 954 1684 depravatis
996 1632 1070 1669 aut
1108 1628 1282 1669 omissis
1326 1631 1400 1667 aut
1433 1626 1710 1681 transpositis
1745 1625 1962 1666 consentit
1994 1638 2089 1665 cum
2122 1623 2216 1664 illis.
2283 1622 2395 1663 (lon-

179 1698 266 1736 stat
298 1694 370 1736 fol.
397 1696 449 1736 48
482 1710 624 1751 neque
659 1697 743 1738 iam
767 1701 905 1738 totum
930 1696 1156 1739 Sidonium
1181 1698 1396 1742 eontinet;
1430 1696 1590 1737 desinit
1613 1695 1726 1736 enim
1751 1695 1791 1735 in
1817 1694 2031 1750 epistulae
2055 1694 2080 1734 l.
2098 1692 2198 1742 Vll,
2218 1694 2241 1732 2
2267 1692 2397 1732 verba

178 1778 219 1819 p.
249 1766 406 1816 105,1:
439 1778 548 1818 quae
580 1769 720 1807 tcwneu
749 1769 798 1807 ut
826 1770 942 1819 qesta
973 1770 1075 1807 suut
1105 1767 1144 1807 si
1169 1766 1383 1819 quispiam
1417 1766 1582 1818 (Ii-(mus,
1647 1764 1732 1805 Sed
1767 1778 1863 1804 cum
1898 1765 1937 1804 in
1974 1764 2057 1804 ima
2092 1763 2249 1818 pagina
2283 1762 2398 1801 nullo

179 1833 321 1889 spatio
356 1834 508 1875 relicto
542 1834 728 1888 deficiat,
761 1836 1043 1877 manifestum
1069 1840 1135 1877 est
1159 1840 1306 1877 cetera
1329 1834 1688 1890 quaternionibus
1713 1834 1877 1888 aliquot
1900 1832 2136 1888 deperditis
2167 1831 2396 1872 interiisse.

177 1901 357 1958 Inspexi
388 1902 585 1946 Parisiis.

326 1972 569 2015 Alterius
601 1975 866 2016 familiae
901 1975 1075 2017 codices
1109 1990 1260 2017 omnes
1294 1975 1512 2016 turbatum
1548 1976 1590 2016 in
1623 1976 1650 2016 l.
1673 1974 1735 2016 VI
1770 1978 1813 2015 ct
1832 1973 1919 2014 VII
1961 1972 2243 2028 epistularum
2284 1970 2396 2010 ordi-

182 2054 279 2082 nem
312 2041 489 2084 habent.
551 2043 752 2099 Namque
787 2045 828 2085 in
863 2059 929 2100 ep.
956 2046 983 2085 1.
1007 2045 1096 2086 VII
1130 2045 1361 2101 epistulam
1386 2045 1615 2100 septimam
1643 2044 1807 2099 exeipit
1831 2042 2110 2085 duodecima:
2145 2046 2233 2082 tum
2265 2040 2397 2079 inter-

182 2110 327 2165 posita
361 2116 427 2152 est
460 2126 572 2167 quae
605 2127 680 2154 suo
712 2114 809 2154 loco
850 2128 935 2155 non
968 2115 1126 2169 legitur
1158 2129 1225 2170 ep.
1260 2115 1290 2155 i.
1314 2114 1392 2166 VI,
1431 2117 1502 2161 11;
1550 2114 1660 2155 hanc
1695 2114 2024 2167 subsequuntur
2055 2115 2228 2151 ceterae
2262 2110 2289 2149 l.
2313 2108 2395 2148 Vll

185 2180 420 2235 epistulae,
464 2182 541 2223 sed
584 2182 669 2233 ita,
714 2187 761 2223 ut
799 2183 969 2225 decima
1018 2188 1117 2239 post
1165 2183 1440 2225 undecimam
1488 2184 1702 2224 translata
1740 2183 1806 2222 sit.
1869 2181 2034 2222 Horum
2069 2179 2263 2220 codis-um
2299 2192 2395 2232 pars

181 2253 319 2291 totum
355 2250 600 2303 Sidonium,
645 2267 744 2308 pars
787 2257 962 2309 praeter
1002 2254 1213 2309 epistulas
1256 2255 1420 2309 aliquot
1453 2258 1621 2294 tantum
1657 2252 1869 2299 carmina,
1903 2265 2003 2306 pars
2038 2249 2152 2290 solas
2187 2247 2396 2304 epistulas

180 2318 376 2361 exhibet.

327 2388 474 2443 Atque
509 2403 564 2429 ex
597 2390 680 2441 eis,
714 2391 784 2445 qui
817 2392 959 2432 omnia
993 2391 1161 2433 Sidonii
1195 2392 1359 2447 scripta
1392 2391 1739 2447 complectuntur
1778 2390 1942 2445 primus
1988 2388 2067 2428 erit
2106 2401 2162 2428 00
2177 2386 2215 2427 d.
2247 2386 2395 2426 I'ari-

181 2457 330 2498 sinus
363 2458 489 2498 9551
544 2459 906 2501 membranaceus
954 2460 1119 2502 formae
1168 2461 1386 2502 maximae
1435 2460 1610 2501 saeculo
1650 2458 1739 2500 XII
1788 2461 1978 2499 exeunte
2021 2457 2124 2497 satis
2167 2455 2397 2508 diligenter

183 2526 385 2582 scriptus.
447 2527 629 2570 Praeter
659 2530 809 2571 turbas
842 2530 941 2571 huic
973 2532 1123 2585 generi
1169 2545 1420 2572 communes
1464 2531 1504 2571 iu
1552 2544 1617 2586 ep.
1651 2530 1677 2570 l.
1701 2529 1742 2570 V
1774 2529 1962 2584 epistula
2006 2524 2259 2567 duodecima
2297 2526 2397 2578 post

181 2597 356 2637 tertiam
390 2596 619 2647 decimam,
652 2599 694 2638 in
728 2613 795 2654 ep.
829 2599 855 2640 l.
880 2599 992 2640 VIII
1026 2600 1212 2655 epistula
1243 2601 1383 2655 prima
1414 2604 1514 2655 post
1537 2597 1786 2649 secundam,
1821 2611 1876 2637 ex
1911 2594 2173 2637 carminibus
2206 2591 2248 2632 id
2281 2590 2392 2647 quod

182 2666 381 2707 ultimum
431 2670 498 2707 est
544 2671 641 2722 post
688 2681 818 2708 earm.
851 2667 961 2708 XXI
1004 2669 1343 2723 transmigravit.
1423 2668 1627 2709 Codicem
1672 2668 1715 2708 in
1764 2665 2044 2707 Germaniam
2094 2662 2392 2704 transmissum

181 2738 318 2776 totum
353 2736 531 2777 contuli.

328 2804 444 2845 Huic
477 2804 618 2846 affinis
651 2809 717 2847 est
750 2805 855 2847 cod.
879 2806 1186 2848 Vaticanus
1219 2806 1457 2861 Reginae
1490 2807 1584 2846 203
1618 2805 1978 2847 membranaceus
2019 2802 2181 2843 formae
2216 2805 2394 2841 octavae

181 2873 359 2914 saeculo
391 2873 481 2914 XII
515 2875 740 2929 eleganter
774 2876 982 2931 scriptus;
1024 2877 1218 2918 eontinet
1250 2876 1324 2917 fol.
1362 2879 1455 2917 107.
1516 2875 1629 2916 Nam
1663 2889 1758 2916 cum
1793 2874 1988 2915 Parisino
2023 2874 2129 2913 9551
2168 2875 2210 2912 01
2242 2870 2392 2911 100110-

180 2942 306 2983 nibus
359 2947 401 2984 et
440 2944 700 2998 scriptorum
739 2945 889 2987 ordine
930 2946 1167 2999 consentit,
1212 2946 1295 2986 nisi
1335 2945 1450 3001 quod
1485 2960 1551 3001 ep.
1585 2945 1612 2985 l.
1637 2945 1690 2995 V,
1721 2946 1768 2984 12
1803 2948 1846 2984 et
1878 2958 1946 2998 ep.
1980 2941 2164 2993 LVIII,
2201 2943 2212 2980 1
2254 2941 2391 2980 1000111

180 3026 263 3053 non
312 3016 603 3054 mutaverunt.
680 3012 863 3069 Inspexi
910 3014 1095 3061 Romae;
1142 3020 1280 3056 totum
1328 3015 1644 3065 excussissem,
1694 3013 1728 3053 si
1781 3026 1860 3068 per
1910 3010 2117 3066 temporis
2170 3008 2392 3063 angustias

181 3081 390 3123 licuisset.
451 3081 577 3123 Nunc
609 3096 712 3124 vero
735 3082 964 3138 Augustus
987 3084 1090 3126 Mau
1120 3085 1283 3125 amicus
1317 3084 1370 3126 de
1404 3089 1471 3125 sat
1502 3084 1648 3125 multis
1682 3083 1788 3123 locis
1821 3080 2059 3122 sciscitanti
2093 3078 2195 3119 mihi
2218 3091 2390 3134 promp-

179 3150 346 3191 tissime
380 3151 626 3193 rescribens
658 3153 776 3205 fecit,
810 3159 856 3194 ut
886 3168 956 3195 me
990 3154 1063 3195 illo
1098 3154 1247 3196 codice
1280 3155 1373 3196 sine
1408 3154 1563 3196 damno
1597 3167 1744 3195 carere
1777 3165 1908 3208 posse
1942 3151 2253 3191 existimarem.

325 3221 376 3262 In
409 3220 489 3262 hoc
521 3235 702 3263 numero
743 3228 810 3264 est
854 3224 987 3264 etiam
1027 3224 1133 3265 cod.
1166 3223 1372 3279 Regius
1406 3227 1443 3265 4.
1477 3223 1528 3264 Β.
1561 3223 1638 3274 IV,
1673 3223 1745 3278 qui
1779 3224 1976 3263 servatur
2015 3221 2059 3261 in
2092 3219 2244 3260 Museo
2276 3218 2390 3258 Brit-

178 3290 378 3340 tannieo,
418 3290 777 3333 membranaceus
811 3293 976 3334 formae
1009 3292 1272 3348 quadratae,
1306 3293 1374 3334 001
1412 3293 1455 3334 111
1488 3293 1626 3348 primo
1659 3292 1762 3332 folio
1796 3291 2051 3345 inscriptum
2085 3293 2248 3330 exstat:
2293 3286 2393 3327 liber

178 3359 424 3400 monasterii
474 3358 709 3414 IVyyoruie.
795 3361 948 3403 Codex
996 3363 1301 3403 lnisccllaneus
1349 3367 1417 3403 est
1460 3363 1738 3416 continetque
1781 3364 1955 3415 praeter
1994 3359 2098 3407 alia,
2139 3357 2190 3398 de
2236 3357 2390 3411 quibus

181 3427 278 3469 vide
320 3428 496 3485 Casleyi
544 3430 672 3470 catal.
719 3429 824 3471 bibl.
871 3431 1019 3484 regiae
1065 3430 1448 3486 (Londini1734),
1495 3431 1535 3471 in
1583 3430 1655 3471 fol.
1694 3427 1944 3469 120—2021’
1983 3430 2121 3468 totum
2167 3424 2389 3466 Sidonium

182 3499 357 3539 saeculo
389 3499 478 3540 XII
511 3499 580 3541 vel
611 3495 725 3540 XIII
762 3501 969 3556 scriptum
1003 3502 1235 3556 multisque
1274 3501 1444 3542 mendis
1490 3502 1772 3557 inquinatum.
1836 3499 2016 3539 Praeter
2055 3496 2201 3537 solitas
2235 3495 2274 3534 in
2308 3493 2389 3533 hoc

181 3580 343 3620 genere
385 3569 670 3623 epistularum
712 3571 1071 3626 transpositiones
1115 3571 1224 3612 haec
1269 3571 1402 3612 habet
1443 3571 1700 3627 peculiaria:
1740 3573 1788 3610 ut
1830 3569 1873 3609 in
1916 3567 2008 3608 cod.
2047 3565 2244 3606 Parisino
2277 3565 2381 3603 9551

183 3635 227 3676 in
260 3649 328 3690 ep.
361 3637 388 3677 l.
412 3637 453 3678 V
487 3639 672 3693 epistula
716 3639 885 3681 decima
928 3641 1057 3681 tertia
1104 3640 1328 3695 praeeedit
1370 3641 1690 3691 duodecimam,
1731 3643 1773 3680 et
1812 3639 1855 3678 in
1896 3652 1963 3692 ep.
1995 3637 2020 3676 l.
2053 3635 2163 3676 VIII
2203 3631 2389 3687 epistula
