2583 4011
993 219 1053 253 xx
1083 220 1102 261 ς·
1127 221 1172 252 :ss
1199 239 1238 243 ρ
1269 219 1329 253 xx
1359 221 1378 261 ς·
1404 221 1458 253 51³.
2244 221 2324 259 297

129 337 283 380 adesse
315 343 446 393 atque
485 337 709 378 discedere
748 350 933 377 ascensu
971 334 1270 389 descensuque
1314 349 1397 376 non
1442 340 1629 391 possent.
1695 335 1786 389 ipso
1829 335 2101 375 beatissimus
2136 333 2327 378 Gabriel,
2343 335 2394 374 217
2432 326 2540 371 (r'M

127 408 198 462 qui
245 422 291 448 se
339 411 438 447 ante
485 405 614 447 deum
661 405 835 447 adstare
883 409 1088 449 testatur,
1138 418 1234 445 cum
1284 405 1503 446 caelorum
1551 404 1769 445 dominum
1810 404 1970 444 Mariae
2019 403 2327 445 infundendum

129 476 365 517 visceribus
398 476 616 516 nuntiaret
648 489 828 530 eumque
864 474 943 514 sub
976 473 1217 515 dominicae
1248 474 1384 515 oculis
1409 474 1643 527 genetricis
1666 473 1906 519 assisteret,
1939 473 2030 512 sine
2055 472 2182 513 dubio
2207 473 2326 513 eaelo

128 545 296 595 deerat,
335 545 472 586 maria
512 559 596 585 non
639 545 963 600 supervolabat,
1006 558 1141 585 vacua
1179 548 1309 598 atque
1348 543 1505 584 diffusa
1549 544 1655 584 vasti
1701 543 1813 583 aeris
1854 556 1936 582 non
1975 543 2201 597 implebat,
2251 543 2326 583 sed

74 624 88 646 ⁵
128 614 247 656 illum
289 618 455 655 tantum
498 614 638 655 locum
679 616 720 656 in
759 629 840 670 quo
879 615 1031 656 aderat
1079 613 1334 668 occupabat.
1405 627 1515 668 quae
1559 626 1655 653 cum
1698 613 1758 652 ita
1797 612 1903 653 sint.
1951 611 2149 665 quicquid
2191 613 2397 652 lovum-is

128 688 323 738 occupat,
357 697 512 738 corpus
547 689 613 725 est
646 691 690 724 et
722 685 882 729 nescio,
915 683 1130 739 quomodo
1164 683 1289 724 locali
1324 684 1420 736 lege
1452 697 1536 724 non
1569 686 1782 724 teneatur.
1816 681 1887 735 qui
1911 680 1966 721 de
1990 680 2084 720 loco
2110 681 2162 721 ad
2188 681 2326 722 locum

129 752 314 794 mittitur
361 757 403 793 et
451 753 567 794 velut
614 768 770 809 corpus
815 759 934 795 motu
983 767 1248 807 accessuque
1297 753 1575 796 transfertur,
1631 750 1742 791 mole
1790 748 2038 791 descendit.
2095 749 2330 790 mobilitate

128 822 350 869 discurrit,
385 821 522 870 vadit,
566 822 699 868 redit,
739 823 958 869 absentat,
992 821 1202 865 ascendit.
1262 822 1329 862 vel
1363 821 1457 865 ille,
1498 820 1649 862 credo.
1695 818 1846 860 localis
1878 823 1964 863 est,
2007 818 2078 872 qui
2116 832 2169 857 ex
2205 833 2255 859 eo
2291 818 2329 858 in
2348 821 2399 858 4⁴.»

127 891 248 932 caelo
278 905 362 931 non
385 895 465 937 est,
498 906 552 932 ex
580 905 664 946 quo
688 897 755 933 est
776 893 941 934 ciectus
966 908 988 933 e
1013 892 1153 934 caelo:
1190 906 1269 932 nec
1302 906 1347 931 se
1381 889 1562 931 solidum
1597 893 1640 930 et
1672 888 1855 928 localem
1889 901 1986 927 esse
2021 885 2221 941 prodidit,
2256 887 2326 941 qni

129 973 275 1001 secum
308 960 479 1001 tertiam
511 965 676 1016 partem
709 962 933 1003 stellarum
968 976 1022 1002 ex
1066 962 1152 1001 alto
1191 960 1472 1016 proturbatus
1515 958 1757 999 abstraxit?
1820 955 1888 996 dic
1928 956 2052 1001 mihi,
2100 956 2133 996 si
2174 969 2329 1010 corpus
2347 958 2399 993 50

130 1043 215 1070 non
247 1028 391 1079 habet,
435 1030 476 1070 in
510 1029 584 1070 illa
615 1029 862 1072 deiectione
895 1031 966 1086 qui
1000 1029 1184 1071 decidit?
1252 1028 1354 1084 quid
1387 1029 1447 1069 illi
1482 1042 1616 1082 negas
1649 1026 1918 1081 corporalem
1953 1030 2165 1067 naturam.
2210 1026 2331 1065 (unius

130 1112 291 1153 negare
323 1112 406 1139 non
439 1098 573 1140 audes
608 1099 773 1140 ruinam
787 1105 802 1140 ζ’
864 1105 906 1141 ct
938 1100 987 1147 si,
1020 1104 1067 1140 ut
1097 1099 1223 1147 dicis,
1257 1112 1412 1153 corpus
1446 1111 1529 1138 non
1564 1097 1708 1141 habet,
1741 1110 1826 1136 non
1859 1094 2048 1137 ardebit:
2083 1093 2153 1134 ubi
2187 1100 2330 1134 autem

129 1167 210 1209 nisi
240 1168 282 1208 in
316 1181 496 1223 corpore
530 1169 687 1210 sentiet
720 1169 863 1224 ignem
897 1169 1037 1212 illum.
1082 1169 1170 1224 qui
1211 1172 1425 1223 paratus
1468 1171 1547 1208 cst
1586 1165 1800 1207 diabolo
1845 1169 1899 1205 et
1943 1163 2146 1217 angelis
2190 1163 2333 1203 eius?

129 1237 215 1278 iam
246 1236 352 1278 illud
383 1236 468 1278 dici
502 1238 767 1293 superfluum
799 1242 925 1294 puto,
968 1238 1090 1279 illum
1132 1237 1185 1278 de
1218 1237 1331 1278 acris
1363 1236 1487 1277 istius
1518 1235 1846 1277 conversatione
1880 1233 2097 1288 quandam
2129 1232 2397 1273 crassitu-5l

78 1317 92 1339 ὃ
130 1306 274 1348 dinem
306 1305 359 1347 de
392 1307 706 1349 elementorum
738 1307 1014 1349 concretione
1047 1307 1246 1348 traxisse.
1307 1306 1375 1347 dic
1408 1305 1533 1353 mihi,
1569 1305 1603 1345 si
1637 1318 1794 1359 corpus
1827 1316 1910 1343 non
1943 1301 2112 1343 habuit.
2157 1301 2334 1342 ubinam

132 1376 176 1417 in
207 1389 309 1417 aere
343 1377 575 1428 concretio,
607 1376 679 1418 ubi
713 1391 808 1418 sese
840 1377 948 1419 haec
981 1377 1077 1432 ipsa
1107 1376 1252 1417 nescio
1286 1390 1397 1431 quae
1431 1375 1638 1429 colligere
1672 1373 1809 1428 potuit
1841 1371 2096 1421 crassitudo,
2130 1371 2165 1411 si
2189 1384 2333 1412 secum

130 1444 290 1501 aliquid
335 1447 557 1501 corporale
598 1446 651 1488 de
695 1446 768 1488 illa
809 1447 989 1488 caelesti
1033 1460 1132 1488 arce
1177 1459 1262 1486 non
1309 1444 1492 1486 detulit?
1555 1443 1763 1489 alienum,
1808 1447 1855 1482 ut
1897 1440 2043 1484 video.
2087 1454 2243 1496 corpus
2281 1438 2335 1480 ad
2351 1441 2404 1479 52

128 1518 345 1556 tormenta
382 1515 586 1570 portabit.
647 1529 804 1571 corpus
836 1515 982 1571 itaque
1017 1529 1135 1566 esse,
1179 1515 1309 1555 etiam
1351 1528 1405 1555 ex
1447 1517 1522 1554 tua
1561 1512 1799 1554 assertione
1841 1524 2120 1565 recognosce.
2182 1523 2336 1564 corpus

130 1584 340 1640 estquod
371 1585 570 1635 inficitur,
612 1585 726 1641 quod
765 1586 1021 1636 maculatur,
1063 1584 1176 1641 quod
1217 1598 1488 1640 quacumque
1529 1597 1583 1624 ex
1617 1581 1828 1623 accidenti
1868 1579 2113 1622 adiectione
2148 1578 2333 1620 vitiatur.

61 1661 76 1687 ‘-’
132 1653 202 1695 hic
235 1668 338 1710 ergo
371 1653 532 1696 dudum
564 1655 878 1711 primogenitus
909 1654 1177 1709 angelorum,
1210 1667 1323 1694 nunc
1347 1651 1549 1708 princeps
1570 1651 1711 1692 factus
1735 1654 1802 1692 est
1831 1649 2106 1691 tenebrarum
2141 1651 2184 1689 et
2213 1647 2335 1702 quasi
2353 1649 2405 1687 53

132 1737 368 1779 corporeus
409 1724 592 1780 pulcher
630 1729 750 1775 ante,
793 1738 906 1765 nunc
952 1723 1161 1779 degener;
1206 1721 1366 1763 dudum
1407 1721 1588 1763 caelesti
1628 1718 1858 1775 splendore
1901 1718 2181 1774 conspicuus,
2225 1731 2337 1758 nune

131 1797 268 1834 taetro
315 1793 539 1836 infernalis
585 1794 752 1850 peccati
798 1793 972 1835 horrore
1023 1791 1237 1833 foedatus,
1314 1805 1489 1847 corpus,
1546 1791 1740 1845 inquam,
1795 1792 1861 1830 est
1907 1787 2020 1844 quod
2067 1786 2336 1828 habitatione
2353 1789 2403 1826 54

131 1862 374 1919 depellitur,
409 1864 650 1919 quantitate
683 1862 1062 1911 circumscribitur,
1096 1862 1305 1917 qualitate
1328 1866 1531 1912 mutatur,
1566 1859 1713 1901 dolore
1738 1857 1973 1900 conficitur.
2022 1870 2132 1912 quae
2158 1871 2254 1897 cum
2278 1856 2338 1897 ita

132 1946 228 1974 sese
262 1932 469 1985 habeant,
509 1933 581 1989 qui
612 1933 911 1989 incorpoream
945 1932 1093 1974 dicunt
1125 1932 1332 1984 animam,
1371 1930 1492 1982 vide,
1530 1930 1573 1971 in
1615 1943 1744 1984 quam
1784 1926 2043 1984 profundum
2087 1940 2132 1967 se
2175 1926 2338 1967 crimen

62 2009 90 2035 2:
131 2001 402 2057 immergant.
465 2003 550 2044 iam
582 2003 767 2059 primum
800 2017 896 2044 cum
929 2007 1080 2044 auctor
1110 2001 1411 2043 universitatis
1446 2000 1552 2042 deus
1594 1998 1738 2039 omnia
1777 1998 1821 2038 in
1863 2011 2042 2038 numero
2075 2000 2117 2037 et
2148 1994 2338 2052 pondere
2355 1997 2407 2035 55

131 2070 290 2112 fecisse
324 2072 550 2121 referatur,
584 2087 687 2128 ergo
720 2073 863 2114 anima
885 2087 910 2114 a
934 2072 1116 2114 materia
1147 2072 1378 2114 universae
1412 2075 1637 2112 creaturae
1662 2071 1848 2124 excepta
1871 2082 1969 2108 esse
1992 2066 2194 2117 creditur,
2228 2080 2338 2121 quac

134 2154 220 2181 non
261 2145 327 2182 est
369 2155 578 2197 corporea
620 2156 701 2184 nec
741 2142 892 2184 localis
936 2147 1021 2193 est,
1065 2142 1101 2183 si
1142 2142 1236 2183 loco
1279 2155 1363 2182 non
1405 2139 1662 2181 continetur.
1724 2152 1827 2193 ergo
1868 2136 2029 2191 ubique
2073 2135 2339 2185 diffunditur,

134 2210 276 2251 omnia
314 2211 494 2262 intrare,
536 2211 716 2267 implere
759 2216 802 2252 et
843 2211 1003 2266 ubique
1044 2224 1252 2266 praesens
1296 2223 1392 2250 csse
1431 2208 1599 2258 dicitur,
1639 2221 1688 2248 ac
1728 2207 1764 2247 si
1804 2205 1988 2247 creatori
2028 2219 2104 2246 suo
2144 2209 2341 2246 creatura

135 2280 385 2332 sociaretur,
420 2285 464 2322 et
494 2281 706 2336 fragilitas
739 2281 905 2323 auctori
939 2294 1029 2328 suo,
1063 2294 1148 2321 non
1181 2279 1265 2320 iam
1299 2293 1368 2320 res
1401 2277 1471 2319 dei
1504 2276 1578 2319 sed
1603 2291 1703 2333 pars
1728 2275 1796 2316 dei
1820 2274 2104 2325 aestimanda,
2138 2275 2338 2329 iungitur.

135 2349 252 2401 vide,
291 2363 374 2405 quo
409 2355 648 2392 assertores
684 2365 783 2392 suos
817 2350 946 2392 ducat
978 2350 1053 2391 alti
1084 2349 1311 2405 prolapsus
1345 2347 1516 2389 erroris.
1581 2345 1783 2402 equidem
1814 2345 1939 2386 nobis
1973 2359 2024 2386 ea
2056 2359 2166 2400 quae
2211 2357 2342 2399 supra
2356 2345 2408 2383 50

135 2432 215 2460 nos
255 2424 354 2460 sunt
390 2419 626 2462 invisibilia
665 2425 784 2469 sunt;
828 2420 904 2462 sed
944 2420 1088 2461 omnia
1126 2419 1187 2460 illi
1227 2418 1339 2459 sicut
1378 2415 1785 2473 comprehensibilia
1823 2415 1883 2456 ita
1916 2420 1958 2456 et
1991 2428 2200 2469 corporea
2232 2416 2342 2463 sunt,

137 2488 210 2543 qui
242 2503 298 2530 ex
328 2489 462 2531 nihilo
496 2489 599 2531 fecit
631 2490 798 2542 omnia,
839 2503 949 2545 quae
983 2490 1093 2531 sicut
1125 2502 1257 2545 opere
1296 2488 1497 2538 instituit,
1540 2487 1600 2528 ita
1640 2491 1683 2528 et
1722 2485 1904 2527 materia
1946 2483 2256 2539 incorporavit,
2300 2487 2343 2523 et

139 2558 267 2599 rebus
301 2559 514 2608 omnibus,
546 2560 657 2601 inter
689 2573 795 2615 quas
829 2564 872 2601 et
904 2559 1049 2601 anima
1081 2563 1295 2610 censetur,
1331 2557 1441 2598 sicut
1473 2555 1695 2598 distribuit
1726 2553 1909 2611 pondus,
1942 2567 2169 2595 numerum
2196 2551 2341 2608 [atque

275 2709 297 2743 2
322 2708 409 2743 Luc.
432 2709 459 2750 I,
486 2710 539 2744 19.
660 2710 702 2744 10
728 2710 840 2754 Apoc.
858 2709 958 2751 VIII,
986 2710 1039 2744 12.
1159 2707 1201 2742 13
1226 2706 1360 2741 Matth.
1387 2705 1500 2747 XXV,
1525 2705 1581 2740 41.
1697 2705 1753 2740 25.
1779 2705 1824 2739 33
1850 2704 1934 2748 Sap.
1962 2703 2023 2744 XI,
2050 2703 2104 2737 21.

274 2791 290 2824 1
316 2790 448 2835 adesse]
475 2803 548 2826 esse
577 2793 606 2825 G
721 2792 916 2825 discendere
946 2792 975 2824 G
1092 2791 1314 2833 diseensoque
1344 2790 1373 2822 G
1490 2789 1621 2832 possint
1648 2790 1678 2821 G
1793 2788 1865 2831 ipse
1892 2806 1933 2810 -
1959 2786 1981 2819 5
2005 2784 2205 2830 occupabat]
2233 2786 2345 2818 attulit

142 2848 190 2882 Οἱ.
215 2849 406 2882 fllamertus
432 2850 515 2888 III,
541 2854 562 2883 6
595 2849 663 2890 (ecl.
690 2850 915 2893 Enyelbrecht
939 2862 976 2893 Ρ.
1002 2850 1076 2892 162)
1192 2848 1349 2892 gabrihel
1379 2848 1408 2879 G
1572 2845 1594 2879 2
1626 2845 1740 2890 deum]
1768 2846 1812 2878 M
1837 2857 1912 2878 cum
1943 2845 2090 2888 Vulyata
2120 2844 2203 2876 Luc.
2231 2844 2268 2884 I,
2299 2847 2345 2883 19,

138 2907 312 2939 dominum
334 2907 363 2939 G
456 2914 545 2941 stare
569 2909 614 2940 JI
749 2907 770 2941 3
795 2905 997 2951 dominicae]
1031 2906 1268 2950 praeceptione
1294 2904 1516 2938 ordinationis
1543 2903 1788 2948 (precepcionis
1813 2904 2032 2936 ordinacione
2058 2900 2167 2944 Lips.)
2194 2901 2275 2933 add.
2295 2901 2345 2941 M,

140 2977 203 2998 om.
234 2965 263 2998 G
293 2972 322 2999 et
349 2967 397 2999 Οἱ.
424 2967 616 3000 „IIamew-tus
641 2969 663 3001 l.
691 2969 712 3000 l.
820 2968 969 3000 adstaret
995 2966 1044 2999 Οἱ.
1070 2965 1261 2998 ᾹΙατηενίιιε
1287 2965 1308 2997 l.
1336 2965 1357 2997 l.
1509 2962 1532 2996 4
1557 2960 1685 3005 deerat]
1711 2967 1782 2995 erat
1811 2962 1841 2994 G
1945 2958 2048 3003 uasti]
2079 2960 2175 2992 uenti
2201 2959 2288 2991 uasti
2317 2960 2346 2991 G

142 3021 315 3066 implebat]
342 3025 500 3067 placebat
521 3026 551 3057 G
666 3026 688 3059 ζ)
712 3024 824 3069 illum]
845 3025 956 3068 ipsum
977 3024 1026 3057 Cl.
1043 3024 1232 3055 Mamertus
1250 3023 1271 3055 l.
1287 3023 1309 3054 l.
1382 3019 1527 3064 tantum]
1547 3021 1645 3054 modo
1664 3020 1745 3052 add.
1765 3019 1816 3060 M,
1841 3031 1903 3051 ont.
1922 3018 1953 3051 G
1968 3024 1998 3051 el
2017 3019 2065 3051 (λ.
2082 3018 2269 3049 Ᾰίατηενίυε
2287 3017 2308 3048 ἰ.
2325 3017 2346 3048 ί.

141 3078 222 3123 quo]
248 3092 312 3113 om.
335 3082 364 3114 G
456 3082 583 3127 aderat]
608 3084 637 3116 G
661 3095 736 3116 cum
757 3084 806 3117 Cl.
824 3083 994 3115 sslamerto
1021 3082 1042 3114 l.
1062 3082 1097 3122 l„
1120 3083 1219 3114 erat?
1244 3079 1290 3111 M
1384 3080 1447 3112 ista
1470 3080 1500 3112 G
1648 3078 1669 3110 6
1694 3075 1740 3121 et]
1767 3089 1831 3110 om.
1853 3078 1883 3109 G
2023 3075 2042 3107 7
2067 3086 2273 3117 accessoque
2295 3075 2344 3106 G¹

141 3137 164 3171 8
191 3139 390 3173 absentatur
411 3140 456 3172 M
549 3142 716 3180 discendit
744 3142 774 3174 G
866 3141 925 3173 illo
954 3140 983 3172 G
1077 3144 1128 3171 est
1153 3156 1196 3161 —
1222 3136 1243 3169 9
1268 3148 1286 3170 e
1311 3135 1419 3180 caelo]
1445 3148 1509 3169 om.
1539 3136 1568 3169 G
1708 3134 1729 3168 9
1761 3136 1907 3169 solidum
1932 3133 1979 3178 et]
2010 3134 2146 3176 scripsi,
2180 3133 2290 3165 solum
2319 3133 2348 3164 G

142 3194 186 3229 10
209 3198 443 3240 proturbatum
457 3198 503 3230 ,Π
620 3198 662 3231 11
681 3199 762 3242 quid
778 3199 900 3232 cecidit
912 3197 957 3230 M
1083 3194 1125 3228 12
1141 3196 1238 3228 audis
1256 3195 1285 3227 G
1364 3195 1393 3227 si
1409 3192 1461 3237 ut]
1480 3195 1569 3227 sicut
1586 3195 1615 3226 G
1694 3205 1761 3226 non
1780 3191 1894 3236 habet]
1914 3204 1977 3225 om.
1992 3191 2033 3223 M
2162 3190 2203 3223 13
2228 3191 2286 3233 qui
2305 3208 2347 3212 —

144 3251 189 3286 14
211 3259 293 3297 puto
318 3254 428 3299 illum]
455 3268 518 3289 om.
541 3257 570 3289 G
717 3255 761 3289 14
785 3256 955 3299 quendam
984 3255 1013 3287 G
1166 3252 1208 3285 16
1234 3253 1269 3285 in
1294 3250 1383 3295 aere]
1410 3253 1586 3285 inhaerere
1615 3252 1644 3284 G
1746 3249 1834 3294 sese]
1862 3262 1897 3284 se
1926 3250 1956 3283 G
2110 3247 2150 3281 17
2175 3248 2279 3294 arche
2308 3247 2348 3287 G,

142 3312 247 3345 archa
270 3318 301 3345 et
323 3314 425 3347 arche
448 3314 494 3346 M
513 3312 694 3357 (plerique)
810 3315 961 3347 alienum
987 3330 1028 3335 ——
1058 3311 1099 3345 18
1124 3308 1285 3355 portabit]
1319 3310 1430 3342 attulit
1456 3309 1504 3342 Ol.
1527 3309 1718 3342 Mamertus
1743 3308 1821 3350 HJ,
1841 3311 1862 3341 8
1887 3306 1953 3349 (ecl.
1972 3305 2197 3349 Euyelbreclct
2216 3317 2253 3347 p.
2272 3304 2346 3346 167)

143 3367 194 3412 ut]
218 3374 252 3402 et
272 3370 302 3402 G
419 3370 462 3403 18
484 3383 653 3415 cognosce
669 3372 710 3404 M
728 3371 946 3415 (cognoscere
964 3369 1075 3412 Lips.)
1197 3366 1240 3400 19
1265 3368 1420 3400 infinitur
1438 3367 1467 3399 G
1538 3370 1717 3410 qnecfique
1736 3366 1765 3399 G
1834 3366 2008 3399 accedenti
2025 3366 2054 3397 G
2124 3360 2276 3404 uitiatur]
2297 3362 2348 3402 M,

144 3432 298 3460 uertatur
315 3428 344 3461 G
460 3428 506 3462 20
522 3429 691 3474 princeps]
710 3431 840 3474 primus
859 3430 888 3462 G
957 3428 1175 3461 tenebrorum
1195 3426 1224 3458 G
1295 3430 1328 3458 et
1344 3425 1441 3468 quasi
1455 3443 1498 3447 ——-
1509 3437 1546 3468 p.
1565 3427 1640 3465 298,
1659 3425 1681 3457 l.
1698 3428 1733 3457 11
1757 3420 1927 3466 naturam]
1946 3433 2009 3454 om.
2025 3421 2069 3453 M
2182 3419 2226 3452 252
2243 3418 2346 3462 quod]

145 3485 257 3518 locum
281 3487 393 3529 suppl.
411 3487 540 3520 Hartel
639 3486 860 3531 habitatione]
885 3485 1083 3526 ,Nemnis-en,
1107 3485 1210 3517 habet
1233 3483 1367 3516 actione
1396 3483 1426 3514 G
1574 3481 1618 3515 24
1643 3481 1727 3524 sese]
1756 3493 1829 3515 esse
1857 3482 1887 3514 G
1986 3481 2109 3512 habeat
2135 3478 2165 3511 G
2265 3478 2347 3520 quin

145 3554 341 3586 corpoream
364 3556 408 3578 m.
433 3556 497 3577 rec.
523 3557 613 3578 corr.
638 3546 698 3588 qui
721 3546 953 3588 incorpoream
983 3544 1011 3576 G
1104 3538 1264 3582 animam]
1291 3540 1423 3582 scripsi,
1446 3540 1599 3573 animum
1627 3540 1655 3572 G
1794 3537 1837 3572 27
1863 3549 1926 3581 ego
1947 3537 1976 3569 G
2115 3534 2159 3567 ‘28
2184 3546 2223 3567 ac
2247 3535 2295 3567 sie
2319 3534 2348 3566 G

146 3599 190 3633 ‘29
214 3601 437 3645 aestimanda]
468 3603 530 3635 deo
554 3604 667 3646 suppl.
691 3603 881 3636 fllommsen
1042 3599 1088 3633 30
1117 3600 1290 3643 prolapsos
1316 3609 1444 3631 errores
1473 3598 1513 3639 G,
1546 3598 1723 3641 prolapsus
1748 3597 1870 3630 erroris
1898 3595 1946 3628 ΟΖ.
1963 3594 2154 3626 Mamertus
2179 3592 2210 3634 I,
2235 3594 2257 3624 3
2281 3591 2348 3632 (ed.

145 3659 419 3703 Enyelbreclttp.
434 3661 496 3704 32)
573 3662 709 3704 quidem
731 3661 761 3694 G
885 3658 930 3692 32
953 3660 1013 3702 qui
1039 3677 1080 3681 —
1098 3671 1136 3701 p.
1153 3659 1231 3698 298,
1257 3657 1279 3689 l.
1298 3660 1315 3688 1
1341 3654 1575 3698 quantitatem]
1603 3656 1715 3687 attulit
1736 3655 1782 3687 ΟΖ.
1804 3654 1993 3686 Mamertus
2018 3650 2072 3691 II,
2089 3652 2111 3683 3
2133 3649 2199 3690 (ecl.
2222 3649 2347 3692 Enyd-

147 3717 260 3749 brecht
269 3729 308 3760 p.
322 3718 403 3760 105)
495 3717 737 3762 incorporauit]
760 3719 808 3751 Ol.
828 3719 1019 3751 fllamercus
1046 3719 1066 3750 l.
1086 3718 1119 3755 l.,
1151 3715 1344 3759 eorporauit
1368 3714 1398 3746 G
1536 3712 1581 3746 33
1606 3711 1751 3757 pondus]
1779 3718 1813 3745 et
1836 3710 1946 3753 suppl.
1965 3708 2155 3741 fllommsen
2247 3712 2349 3750 atque

147 3773 353 3818 mensuram]
384 3776 432 3809 Ol.
456 3776 646 3809 Mamertus
672 3778 693 3810 l.
713 3778 734 3810 ἰ.
761 3788 777 3809 e
803 3777 888 3819 Sap.
906 3776 975 3817 XI,
992 3778 1030 3808 :21
1047 3776 1143 3819 sorte
1169 3773 1319 3814 inseruit,
1343 3784 1406 3805 om.
1429 3772 1469 3813 G,
1493 3772 1561 3804 des.
1588 3782 1696 3813 supra
1721 3771 1742 3802 l.
1764 3772 1805 3802 25

287 3854 455 3890 Smomus.
2031 3844 2076 3878 38
