2583 4011
947 225 1090 264 Lmen*
1115 229 1214 274 vni,
1242 231 1356 275 1051
1385 252 1427 257 -
1455 231 1493 266 11
1518 234 2367 279 &³1:39

163 344 436 387 matrimonio
469 348 610 394 tenet;
646 359 828 400 cumque
863 345 930 386 hic
956 345 1137 400 origine,
1170 346 1252 387 iste
1278 348 1493 401 coniugio,
1527 349 1680 390 melius
1706 350 1823 394 illud,
1857 352 1967 405 quod
1992 358 2172 407 uterque
2199 354 2366 396 iudivm.

162 419 205 456 te
246 419 391 456 tamen
439 428 619 455 munere
666 413 736 455 dei
783 415 896 455 inter
937 415 1019 455 ista
1058 415 1254 465 felicem,
1305 415 1357 457 de
1401 430 1484 470 quo
1526 417 1685 458 diutins
1729 421 1978 474 occupando
2025 422 2366 478 possidvndmpw

164 497 323 539 operae
355 484 540 538 pretium
575 488 641 524 est
673 483 816 524 votiva
848 483 1105 538 populorum
1138 484 1279 525 studia
1313 485 1564 539 confligere!
1628 491 1673 526 tu
1708 501 1808 528 vero
1843 490 2035 543 utrisque
2082 493 2368 544 praesvnthm1

162 558 282 594 tuam
314 552 526 608 disposite
560 552 836 607 vicissimque
870 553 1056 607 partitus
1090 567 1202 593 nune
1238 553 1504 608 Drepanium
1539 555 1646 599 illis,
1687 556 1814 596 modo
1850 557 1942 596 istis
1977 559 2167 598 restituis
2202 559 2366 599 Antlw-

108 639 123 655 ›
164 622 295 663 dium.
350 625 393 663 et
421 621 457 662 si
480 635 504 662 a
527 626 570 662 te
603 621 830 662 instructio
865 620 1081 662 rhetorica
1103 625 1321 676 poscatur,
1356 622 1397 662 hi
1421 622 1665 669 Paulinum,
1700 624 1760 663 illi
1786 624 2000 664 Alc-imum
2028 640 2108 665 non
2136 629 2369 681 requirunt.

95 978 127 1003 10

97 1325 126 1349 15

165 690 280 733 unde
312 694 355 732 te
390 691 528 745 magis
560 691 702 741 miror,
736 704 866 745 quem
899 690 1057 731 cotidie
1080 695 1166 731 tam
1191 691 1442 746 multiplicis
1468 691 1771 746 bybliothecae
1796 694 2004 733 ventilata
2031 694 2162 734 lassat
2187 697 2368 747 egeries,

165 760 328 816 aliquid
360 774 385 801 a
413 774 482 801 me
506 764 703 801 veterum
736 759 934 814 flagitare
960 761 1287 802 cantilenarum.
1340 775 1472 816 pareo
1497 761 1686 816 quidem,
1721 763 1822 803 licet
1846 763 2149 817 intempestiva
2176 764 2370 805 videntur

163 829 407 872 recordatio
448 830 637 870 iocorum
677 832 875 884 tempore
916 829 1105 872 dolendi.
1167 829 1446 885 Lampridius
1487 836 1631 871 orator
1669 830 1796 870 modo
1839 832 2021 886 primum
2064 832 2168 871 mihi
2203 834 2372 873 ‹nu-isus

162 898 428 954 agnoscitur,
471 899 592 939 cuius
626 899 829 940 interitus
863 912 1055 940 amorem
1096 913 1239 940 meum
1284 900 1463 940 summis
1505 900 1740 940 conficeret
1780 901 2037 954 angoribus.
2081 901 2250 941 etiamsi
2292 916 2371 941 nnn

165 982 263 1010 eum
306 967 435 1009 rebus
478 967 678 1008 humanis
719 967 781 1008 vis
821 967 1011 1022 impacta
1051 968 1281 1024 rapuisset.
1343 968 1410 1008 hic
1454 982 1521 1009 me
1565 968 1801 1023 quondam,
1845 973 1891 1009 ut
1930 969 2039 1009 inter
2070 970 2231 1009 amic-os
2266 971 2370 1011 iuva.

161 1036 387 1078 Phoebum
419 1036 600 1077 vocabat
632 1036 724 1091 ipsc
758 1051 783 1077 a
814 1036 940 1078 nobis
975 1037 1085 1078 vatis
1109 1036 1283 1092 Odrysii
1317 1037 1488 1078 nomine
1523 1042 1741 1092 acceptus.
1805 1038 1918 1092 quod
1953 1053 2003 1079 eo
2040 1039 2237 1092 congruit
2272 1045 2371 1079 ante

164 1106 352 1154 narrari,
400 1120 454 1147 ne
495 1105 709 1146 vocabula
756 1106 944 1160 figurata
991 1105 1210 1147 subditum
1260 1119 1434 1147 carmen
1483 1106 1729 1149 obscurent.
1801 1107 1898 1148 huie
1951 1107 2136 1161 quodam
2179 1112 2373 1162 tempore

163 1175 445 1230 Burdigalam
487 1174 679 1216 invisens
720 1176 993 1217 metatoriam
1033 1176 1239 1231 paginam
1282 1176 1406 1230 quasi
1446 1190 1542 1217 cum
1577 1176 1701 1217 Musa
1741 1177 1917 1232 praevia
1949 1177 2061 1217 misi.
2125 1182 2227 1231 puto
2264 1177 2371 1217 liam·

163 1245 345 1287 liberius
378 1245 545 1297 offerri,
588 1258 714 1299 quam
747 1245 780 1285 si
815 1244 978 1300 aliquid
1011 1258 1143 1300 super
1175 1244 1427 1285 decedentis
1462 1259 1621 1287 occasu
1654 1246 1837 1300 lugubre
1872 1260 2155 1302 ‹.·‹)mponens,
2189 1247 2258 1299 qui
2295 1261 2374 1286 nnn

164 1313 395 1370 placebam
427 1327 506 1369 per
537 1314 844 1369 eloquentiam,
878 1328 956 1370 per
986 1314 1217 1355 materiam
1250 1313 1544 1370 displicerem.

723 1395 922 1437 Dilectae
956 1395 1084 1437 nimis
1118 1399 1160 1436 et
1192 1395 1403 1451 peculiari

723 1465 929 1506 Phoebus
962 1465 1342 1506 commonitorium
1375 1464 1574 1506 Thaliae.

723 1534 908 1576 Paulum
948 1534 1172 1590 depositis⁷
1211 1535 1399 1587 alumna,
1440 1536 1617 1591 plectris

724 1618 919 1660 sparsam
959 1605 1124 1659 stringe
1167 1618 1334 1645 comam
1374 1605 1544 1646 virente
1588 1605 1707 1656 vitta,

664 1682 678 1704 ·‘›
727 1679 771 1715 et
808 1688 938 1729 rugas
976 1673 1055 1714 tibi
1095 1673 1298 1729 syrmatis
1337 1673 1542 1729 profundi

723 1745 979 1800 succingant
1009 1744 1200 1787 hederae
1235 1744 1548 1801 expeditiores.

725 1829 874 1856 soccos
910 1815 1025 1856 ferre
1065 1829 1171 1856 cave
1210 1829 1306 1867 nec,
1346 1819 1393 1856 ut
1431 1815 1615 1867 solebat,

723 1885 824 1925 laxo
856 1898 935 1939 pes
967 1886 1089 1925 natet
1122 1883 1234 1924 altus
1268 1884 1311 1924 in
1346 1887 1549 1932 coturno;

725 1953 801 1995 sed
836 1953 948 1994 tales
983 1941 1181 2008 c'repidas
1214 1952 1353 2008 ligare
1386 1966 1501 2006 cura,

647 2033 680 2056 10
725 2023 876 2078 quales
910 2022 1162 2078 Harpalyce
1195 2023 1266 2064 vel
1298 2022 1372 2064 illa
1402 2023 1556 2075 vinxit,

724 2107 836 2149 quae
877 2093 1014 2134 victos
1054 2091 1200 2147 gladio
1242 2106 1397 2148 procos
1439 2092 1612 2137 cecidit.

723 2176 884 2219 perges
918 2162 979 2203 sic
1011 2162 1168 2203 melius
1202 2162 1378 2204 volante
1411 2163 1536 2215 saltu,

725 2233 762 2273 si
794 2232 979 2287 vestigia
1010 2231 1207 2273 fasceata
1238 2230 1343 2272 nudi

723 2316 803 2357 per
834 2315 1052 2342 summum
1084 2300 1209 2356 digiti
1240 2305 1396 2357 regant
1428 2301 1572 2343 citatis

650 2382 681 2405 1⁵
724 2372 837 2413 firmi
876 2371 1149 2427 ingressibus
1189 2375 1319 2427 atque
1358 2371 1629 2412 vinculorum

724 2441 1088 2483 concurrentibus
1122 2441 1289 2482 ansulis
1323 2441 1491 2483 reflexa

724 2511 780 2552 ad
818 2525 914 2553 crus
953 2524 1032 2567 per
1070 2524 1287 2552 cameram
1326 2514 1481 2552 catena
1521 2514 1682 2564 surgat.

723 2580 807 2622 hoc
839 2581 997 2637 pernix
1027 2580 1181 2622 habitu
1214 2594 1359 2622 meum
1390 2583 1608 2621 memento

726 2649 948 2706 Orpheum
980 2650 1138 2703 visere,
1172 2650 1245 2705 qui
1277 2649 1496 2691 cotidiana

650 2727 683 2753 20
728 2734 836 2761 saxa
875 2723 919 2761 et
955 2719 1115 2761 robora
1152 2733 1424 2774 corneasque
1462 2718 1591 2760 fibras

689 2845 693 2849 ἡ
726 2789 868 2830 mollit
900 2788 1153 2844 dulciloqua
1184 2802 1368 2830 canorus
1401 2792 1516 2836 arte3

723 2858 910 2914 Arpinas
948 2858 1078 2900 modo
1121 2872 1249 2914 quem
1286 2862 1466 2900 tonante
1504 2858 1656 2913 lingua

300 3047 317 3080 1
354 3048 492 3091 origene
528 3047 649 3090 (prior.
677 3057 695 3079 e
726 3057 814 3078 corr.
839 3045 876 3077 in
905 3045 916 3077 i
942 3043 1011 3086 F2)
1039 3043 1078 3077 F
1205 3049 1285 3087 post
1319 3043 1441 3076 melius
1475 3043 1608 3112 legati?-
1637 3053 1662 3074 s.
1689 3041 1710 3073 l.
1736 3041 1772 3073 in
1799 3040 1857 3072 ,ΠΙ
2046 3038 2066 3072 3
2101 3040 2252 3083 precium
2278 3037 2385 3070 MGF

164 3127 186 3161 4
211 3128 415 3172 drypanium
440 3126 593 3168 LMTF,
623 3125 815 3169 dripanium
844 3124 902 3156 GP
1002 3124 1102 3156 modo
1128 3134 1154 3156 ε.
1181 3123 1203 3155 l.
1229 3123 1275 3154 T¹
1380 3123 1531 3155 restituis
1591 3122 1623 3154 T
1629 3122 1638 3141 ¹
1743 3122 1916 3154 antediuin
1942 3120 2080 3153 MOFJ’
2225 3118 2245 3150 5
2271 3119 2380 3150 retho-

165 3209 236 3241 rica
260 3208 305 3239 M
308 3208 378 3249 ΤΡ,
407 3178 581 3250 bgrestoriea
606 3207 644 3239 F
652 3206 662 3225 ¹
768 3206 850 3237 hinc
874 3205 912 3237 F
1012 3203 1199 3237 alchimum
1227 3201 1256 3233 O
1405 3199 1425 3232 6
1451 3212 1553 3243 quem
1578 3201 1700 3233 cotidie
1726 3211 1788 3232 0771.
1813 3199 1845 3231 T
1945 3200 2156 3242 bybliotecae
2182 3197 2224 3240 L,
2260 3198 2379 3230 biblio-

164 3289 283 3321 thecae
300 3288 344 3320 M
348 3288 380 3320 T
379 3288 449 3330 OF,
473 3289 676 3321 bibliotecae
694 3286 727 3318 P
796 3286 925 3329 egeries
953 3282 1039 3328 (geri
1055 3284 1092 3316 in
1109 3294 1179 3315 ras.
1199 3281 1276 3324 M1)
1296 3281 1337 3313 M
1452 3280 1473 3313 8
1500 3281 1582 3313 mihi
1602 3281 1749 3323 primum
1771 3280 1803 3311 Τ
1867 3280 1969 3312 miehi
1987 3280 2015 3311 O
2131 3278 2169 3310 11
2198 3279 2333 3311 soebum
2348 3278 2379 3309 L

167 3369 283 3401 odrisii
297 3368 329 3400 T
328 3368 357 3401 O
419 3372 582 3411 acceptus
601 3366 833 3406 Wflamwhz,
849 3369 987 3408 accepto
998 3363 1075 3396 LM
1080 3363 1112 3395 T
1111 3362 1204 3395 C'FP
1320 3359 1363 3393 12
1377 3362 1528 3393 subitum
1546 3361 1578 3392 T
1691 3360 1733 3393 13
1747 3360 1968 3403 burdegalam
1982 3359 2026 3391 ill
2030 3359 2061 3390 T
2061 3359 2154 3391 (JFP
2270 3358 2312 3391 14
2327 3359 2381 3391 de-

167 3450 275 3482 centis
289 3449 355 3481 LO
468 3446 512 3481 15
527 3448 730 3481 matheriam
748 3446 852 3479 MOP
973 3457 1004 3477 v.
1023 3443 1045 3476 2
1069 3444 1176 3477 thalia
1191 3442 1223 3475 L
1347 3454 1378 3474 v.
1397 3440 1419 3474 3
1444 3442 1606 3485 alumpna
1623 3442 1663 3473 M
1667 3440 1761 3474 CFP
1881 3452 1914 3473 v.
1931 3438 1954 3472 4
1979 3441 2143 3473 virentem
2166 3439 2194 3471 L
2265 3440 2335 3471 vita
2356 3439 2384 3469 (Δ

166 3540 198 3562 v.
220 3527 242 3562 5
267 3529 414 3562 sirmatis
428 3528 566 3562 MCFP
678 3540 710 3561 v.
733 3526 754 3560 6
779 3527 878 3560 edere
891 3526 929 3558 F
1040 3537 1073 3558 v.
1088 3523 1107 3557 7
1133 3535 1229 3557 socos
1248 3523 1314 3555 TF
1426 3534 1458 3555 v.
1479 3522 1501 3555 8
1525 3528 1692 3556 conturno
1710 3522 1742 3554 L
1859 3533 1890 3553 v.
1913 3519 1933 3553 9
1951 3525 2001 3553 set
2014 3520 2051 3552 F
2162 3531 2194 3552 v.
2211 3518 2253 3551 10
2278 3520 2380 3561 hapa-

169 3608 233 3641 lice
251 3608 292 3650 L,
315 3605 462 3651 arpalice
479 3608 524 3639 M
527 3607 651 3640 TOFP
774 3618 807 3639 v.
829 3605 871 3638 11
897 3603 1024 3649 gladio]
1051 3605 1158 3637 stadio
1176 3603 1246 3636 Leo
1319 3602 1433 3634 cicidit
1459 3601 1582 3644 (prior.
1608 3603 1619 3635 i
1645 3614 1735 3635 corr.
1759 3603 1795 3634 in
1820 3613 1838 3634 e
1857 3600 1894 3633 F
1897 3599 1924 3641 ²)
1945 3599 1982 3632 F
2101 3610 2132 3630 v.
2154 3597 2195 3630 12
2220 3598 2332 3641 pergis
2351 3597 2381 3628 L

168 3699 201 3722 v.
220 3687 264 3721 13
289 3661 415 3722 fascgta
432 3688 487 3721 F²
627 3699 660 3719 v.
679 3685 722 3718 15
747 3687 860 3729 adque
878 3686 910 3718 L
1049 3696 1081 3718 v.
1103 3682 1144 3716 17
1170 3683 1313 3715 cathena
1331 3681 1395 3713 CF
1525 3693 1556 3713 v.
1577 3680 1621 3713 19
1646 3693 1693 3713 αη
1718 3678 1915 3713 cotidiano?
2053 3689 2083 3709 v.
2103 3675 2143 3708 21
2175 3676 2380 3717 dulcidoqna

169 3766 268 3812 (post.
293 3769 314 3801 d
339 3780 428 3801 corr.
454 3768 491 3800 i'n
515 3768 526 3800 l
549 3766 619 3810 L¹)
642 3767 685 3808 L,
709 3767 932 3808 dulciloqua*
956 3766 1003 3806 (m
1027 3770 1064 3796 ut
1087 3775 1116 3797 v.
1144 3774 1233 3796 era-3.
1261 3761 1322 3803 0²)
1344 3761 1374 3794 C
1516 3773 1548 3794 v.
1573 3759 1619 3794 22
1645 3761 1808 3803 harpinas
1831 3758 1906 3790 Lill
1912 3757 1943 3789 Τ
1940 3756 2007 3789 FP
2098 3767 2198 3797 quam
2225 3755 2362 3787 MCFP

2040 3828 2109 3862 18*

2413 495 2436 522 ⁶)

2416 838 2438 871 :3
