2583 4011
1029 173 1152 208 XXIII
1179 186 1211 208 v.
1238 175 1306 210 4⁶24
1332 195 1374 199 —
1401 188 1433 209 v.
1460 176 1538 211 512.
2306 186 2380 224 201

732 287 871 328 noscit
904 287 1019 344 quod
1051 288 1156 330 velit
1189 289 1282 344 ipse
1317 290 1530 337 iudicare;

638 364 688 387 ⁴7¹³
731 370 830 398 nam
864 372 1097 413 numquam
1130 360 1289 400 metuis
1323 361 1438 414 loqui
1472 361 1585 416 quod
1619 376 1804 417 aequum
1839 370 1917 407 est.

732 427 765 466 si
800 433 842 468 te
878 427 996 469 Sulla
1031 432 1200 484 premat
1231 430 1435 485 ferusque
1470 429 1624 471 Carbo.

731 497 765 537 si
799 497 948 538 tristes
981 498 1108 539 Marii
1141 503 1374 555 trucesque
1409 499 1589 545 Cinnae,

732 570 774 607 et
808 567 842 607 si
878 567 989 609 forte
1023 571 1143 609 tuum
1178 573 1308 624 caput
1341 569 1541 625 latusque

732 636 1012 678 circumstent
1043 637 1176 692 gladii
1211 639 1546 694 triumvirales):

635 713 685 737 ⁴7³>
731 719 809 747 seu
844 720 920 747 nos
952 706 1158 763 Limpidii
1192 708 1306 750 lares
1340 708 1577 751 habebant.

730 775 834 816 civis
869 776 1088 832 magnifici
1122 777 1291 834 virique
1326 779 1496 822 summi.

728 845 966 887 fraternam
1001 847 1113 889 benc
1146 849 1340 903 regulam
1376 849 1620 905 sequentis;

726 930 803 957 seu
838 930 914 957 nos
948 917 1097 958 eximii
1130 918 1256 959 simul
1292 919 1472 960 tenebat

724 990 905 1028 nectens
939 987 1193 1029 officiositas
1228 988 1397 1031 Marini.

630 1065 681 1088 Μ
726 1056 848 1098 cuius
883 1056 1096 1098 sedulitas
1130 1057 1427 1113 sodalitasque

725 1130 907 1168 aeterna
939 1126 1043 1167 mihi
1076 1127 1205 1169 laude
1240 1132 1340 1169 sunt
1374 1127 1607 1171 colendae:

725 1210 803 1238 scu
844 1210 1142 1252 quoscumque
1184 1197 1292 1238 alios
1335 1197 1483 1239 videre
1522 1199 1680 1240 fratres

725 1265 845 1307 cordi
877 1266 1053 1322 utrique
1086 1266 1180 1308 fuit.
1216 1267 1372 1322 quibus
1407 1283 1587 1311 vacasse

723 1334 983 1377 laudandam
1018 1349 1116 1378 reor
1148 1338 1502 1392 occupationem:

629 1414 678 1438 Ν»
724 1406 879 1447 horum
912 1406 1090 1448 nomina
1123 1421 1220 1448 cum
1253 1408 1417 1450 referre
1451 1423 1578 1451 versu

722 1475 908 1517 affectus
944 1476 1104 1531 cupiat,
1138 1481 1322 1518 metrum
1357 1484 1546 1522 recusat.

782 1544 896 1587 Hinc
934 1560 1011 1587 nos
1050 1545 1104 1587 ad
1145 1547 1362 1602 propriam
1406 1547 1579 1590 domum
1620 1550 1821 1603 vocabas,

711 1631 817 1674 *cum
851 1631 979 1659 mane
1013 1618 1185 1659 exierat
1217 1632 1378 1660 novum
1414 1623 1457 1661 et
1490 1620 1715 1662 calescens

720 1686 871 1729 horam
907 1688 971 1729 sol
1004 1687 1138 1729 dabat
1170 1688 1353 1730 alteram
1387 1689 1638 1734 secundam.

625 1766 677 1789 Μ·
720 1756 791 1798 1110
824 1771 1030 1813 promens
1064 1762 1227 1800 teretes
1260 1759 1371 1814 pilas
1404 1759 1681 1816 trochosque.

717 1825 786 1868 hic
818 1827 929 1868 talos
965 1827 1282 1883 crepitantibus
1315 1828 1477 1870 fritillis

718 1910 797 1937 nos
832 1896 886 1938 ad
919 1896 1104 1939 verbera
1135 1901 1353 1940 tractuum
1389 1903 1624 1952 struentes,

715 1971 939 2022 tamquam
972 1966 1259 2023 Naupliades,
1292 1973 1492 2024 repertor
1523 1971 1642 2017 artis,

716 2035 942 2092 gaudebas
976 2036 1157 2079 hilarem
1193 2038 1308 2080 ciere
1343 2039 1495 2081 rixam.

623 2116 672 2139 ⁴95·
719 2106 819 2148 hinc
853 2105 908 2148 ad
939 2107 1112 2159 balnea,
1146 2121 1233 2149 non
1263 2107 1514 2152 Neroniana

714 2190 794 2219 nee
827 2191 938 2232 quae
973 2176 1173 2234 Agrippa
1204 2177 1324 2220 dedit
1356 2181 1425 2222 vel
1457 2181 1530 2223 ille
1564 2181 1686 2223 cuius

712 2247 888 2289 bustum
922 2246 1198 2290 Dalmaticae
1231 2248 1380 2290 vident
1413 2249 1616 2302 salonae„

713 2316 767 2358 ad
800 2317 994 2359 thermas
1028 2321 1174 2359 tamen
1207 2319 1282 2371 ire,
1317 2319 1394 2362 sed
1429 2320 1594 2363 libebat

713 2387 882 2443 privato
915 2387 1028 2430 bene
1061 2389 1286 2444 praebitas
1320 2390 1487 2446 pudori.

621 2466 671 2488 :³⁰0
716 2461 815 2512 post
849 2471 956 2513 quas
989 2471 1068 2499 nos
1103 2462 1178 2499 tua
1209 2460 1368 2514 pocula
1401 2464 1443 2501 et
1476 2464 1646 2503 tuarum

710 2526 936 2569 Musarum
970 2526 1142 2569 medius
1176 2532 1297 2570 torus
1331 2530 1524 2583 tenebat,

712 2597 864 2652 quales
897 2611 980 2639 nec
1014 2601 1181 2639 statuas
1214 2598 1518 2656 imaginesque

711 2680 814 2708 aere
847 2671 923 2708 aut
955 2668 1245 2710 marmoribus
1280 2669 1587 2726 coloribusque

710 2735 898 2786 Mentor,
931 2737 1197 2789 Praxiteles„
1234 2737 1398 2795 Scopas
1431 2739 1660 2786 dederunt,

616 2815 664 2837 ³0³¹
711 2810 895 2861 quantas
928 2820 1010 2849 nec
1040 2806 1297 2863 Polycletus
1330 2809 1426 2864 ipse
1458 2809 1585 2850 finxit

711 2890 791 2918 nee
823 2876 870 2917 fit
901 2876 1082 2918 Fidiaco
1117 2877 1258 2932 figura
1292 2879 1426 2920 caelo.

775 2944 864 2987 Sed
895 2945 981 2986 iam
1014 2950 1057 2988 te
1092 2947 1266 2988 veniam
1299 2948 1554 3003 loquacitati

710 3014 937 3070 quingenti
968 3015 1329 3071 hendecasyllabi
1362 3022 1612 3073 precantur.

709 3088 893 3133 tantum,
928 3085 1010 3126 etsi
1041 3085 1229 3141 placeat,
1262 3101 1421 3142 poema
1453 3088 1632 3143 longum
1667 3096 1747 3134 est.

617 3164 666 3188 :³¹⁰
709 3155 794 3196 iam
828 3155 914 3196 iam
948 3154 1122 3207 sufficit,
1157 3155 1252 3212 ipse
1286 3161 1330 3198 et
1362 3157 1587 3213 impediris

706 3225 890 3266 multum
924 3225 966 3265 in
1000 3225 1193 3267 carmine
1226 3226 1460 3282 perlegens
1495 3229 1697 3277 amicum,

706 3294 1042 3336 dormitantibus
1077 3295 1344 3338 otiosiorem.

281 3454 350 3489 469
375 3458 489 3491 Poscit
508 3458 537 3491 C
624 3459 706 3501 quid
731 3458 791 3490 ΤΡ
928 3456 1000 3490 470
1025 3458 1115 3500 quod
1140 3455 1184 3500 a.]
1214 3468 1235 3500 q
1260 3469 1411 3500 uequum
1430 3458 1468 3491 F
1603 3458 1669 3492 471
1697 3461 1774 3494 silla
1796 3461 1895 3504 TC'P,
1920 3463 2006 3506 sylla
2025 3462 2062 3495 F
2196 3460 2264 3494 472
2289 3462 2318 3494 ei
2336 3461 2374 3493 F

142 3518 299 3547 trucesve
331 3515 364 3546 Τ
504 3514 571 3548 473
596 3522 630 3549 at
657 3517 686 3550 C
826 3514 1021 3550 475—-477
1047 3528 1109 3549 om.
1137 3515 1182 3546 T¹
1332 3515 1400 3550 475
1431 3517 1540 3561 limpii
1565 3518 1603 3550 F
1692 3520 1869 3553 habebunt
1901 3520 1950 3551 T2
2089 3519 2158 3552 476
2184 3521 2283 3552 cuius
2315 3519 2364 3550 Τ2

141 3569 209 3604 477
234 3579 432 3615 praternam
462 3573 490 3605 Ο
592 3573 692 3618 hene]
721 3575 844 3607 debere
871 3574 908 3606 F
1055 3573 1121 3606 481
1155 3580 1327 3607 aeternam
1353 3575 1386 3607 P
1534 3574 1603 3608 482
1630 3577 1744 3610 videre
1769 3589 1833 3610 om.
1852 3578 1885 3610 P
2034 3576 2102 3610 484
2129 3578 2307 3610 lavandam
2334 3577 2371 3609 F

142 3627 212 3661 488
237 3631 369 3664 exierat
397 3632 417 3663 (1
451 3631 501 3663 Ta
642 3631 710 3665 496
735 3633 902 3676 aggrippa
931 3633 966 3667 C.
1000 3633 1119 3675 agripa
1144 3632 1178 3664 P
1269 3631 1384 3675 euius]
1412 3633 1503 3666 dedit
1521 3633 1559 3665 F
1694 3634 1761 3667 497
1788 3637 1932 3668 Lusium
1958 3641 1994 3666 ⁷1!
2017 3647 2046 3667 ·1·.
2072 3635 2147 3675 (sed
2170 3636 2197 3667 L
2224 3647 2246 3666 (ι
2270 3635 2364 3668 rubr.

137 3686 237 3729 pict.)
259 3687 288 3719 (J
364 3689 566 3722 delmaticae
586 3690 619 3722 P
743 3689 808 3723 501
837 3691 961 3723 chorus
985 3691 1096 3733 vzdyo,
1121 3691 1240 3723 thorus
1265 3691 1364 3723 codd.
1492 3691 1561 3723 505
1586 3699 1735 3735 quantus
1752 3693 1790 3725 F
1911 3692 1979 3725 508
2004 3694 2243 3726 endecasillabi
2269 3693 2300 3724 T
2299 3692 2367 3734 (Ἰ),

141 3746 400 3779 endecassillabi
414 3747 452 3779 F
571 3746 638 3779 :309
656 3754 707 3781 est
722 3761 786 3781 om».
808 3749 839 3780 T
915 3750 1130 3782 EXPLICIT
1155 3749 1282 3782 subscr.
1302 3749 1338 3781 in
1353 3748 1394 3790 P,
1419 3750 1545 3782 subscr.
1565 3762 1628 3782 om.
1646 3751 1717 3792 TF,
1748 3762 1814 3793 seq.
1839 3751 1931 3793 epis-t.
1956 3750 1979 3782 I
1999 3754 2020 3781 6
2045 3751 2093 3783 ad
2116 3751 2318 3794 Eutropium
2340 3751 2371 3783 Τ
