2583 4011
215 223 338 253 Lxxll
996 210 1266 246 PRAEFATIO
1293 210 1345 243 IN
1371 209 1609 244 RVRICIVM

216 333 303 372 ΓΑ.
340 329 486 371 ΧΥΙΙΙ
530 342 637 382 quae
678 328 897 382 excipiunt
941 325 1278 379 subscriptiones
1320 323 1621 377 episcoporum
1664 322 1796 362 falsas
1838 335 1936 363 esse
1979 320 2257 372 Sirmondus‚
2301 321 2401 362 hist.

215 399 472 455 praedestin.
514 412 547 438 e.
583 399 603 436 7
646 396 853 450 probavit.
919 394 1109 447 Utraque
1149 391 1331 446 epistula
1363 391 1407 430 in
1439 404 1585 431 omnes
1624 390 1903 441 conciliorum
1945 390 2224 431 collectiones
2257 388 2315 442 (e.
2337 404 2400 444 gr.

216 469 364 508 nansi.
399 468 529 506 (lonc.
565 467 690 520 ampl.
725 465 818 504 coll.
852 464 1036 503 Florent.
1080 463 1197 501 1762.
1233 467 1333 499 tom.
1366 458 1466 508 ΥΙΙ,
1500 473 1538 513 p.
1577 459 1702 512 1007)
1738 458 1919 500 transiit.

357 541 447 580 llas
491 539 638 580 Fausti
681 539 889 593 epistulas
931 536 1104 589 collegit
1146 535 1186 574 M
1203 549 1223 574 a
1240 534 1483 587 rgarinus
1520 532 1581 573 dc
1622 533 1673 573 la
1712 532 1916 587 Bignc,
1970 532 2102 573 Sacra
2142 531 2405 573 bibliotheca

214 621 456 649 sanctorum
498 618 665 662 patrum
707 606 769 647 ed.
804 607 890 646 ult..
935 604 1110 644 Parisiis
1151 605 1272 645 1589.
1316 606 1414 643 tom.
1438 600 1520 651 ΙΙΙ,
1554 616 1592 656 p.
1617 604 1843 642 401—410
1877 601 1966 642 FA.
2000 601 2123 642 XIV.
2147 600 2246 641 XV.
2278 600 2402 641 XVI.

214 677 361 718 xx'll.
404 688 502 716 tom.
541 675 612 716 lv,
655 690 692 729 p.
729 676 962 714 Tse—763
1007 672 1093 712 ΕΑ.
1128 671 1212 711 XX
1251 670 1460 725 (trunca),
1502 684 1541 725 p.
1575 671 1801 711 875—879
1845 670 1934 712 FA.
1967 670 2126 711 XVIII
2166 683 2263 710 cum
2302 669 2402 710 sub-

214 745 527 800 scriptionibus:
562 743 648 784 FA.
681 742 800 783 xlx.

359 819 460 859 I‘ost
509 819 586 858 hoe
637 817 848 857 llenriens
891 815 1162 859 Caluisius.
1211 814 1427 869 Antiquae
1474 813 1675 854 lectionis
1717 817 1858 854 tomus
1896 813 1946 863 V,
1990 812 2247 867 Ingolstadii
2283 814 2405 862 1664,

219 904 256 943 p.
302 890 512 927 125—5223
547 885 736 926 codicem
772 884 806 924 G
843 890 991 924 nactus
1026 885 1215 938 reliquas
1250 884 1398 924 Fausti
1434 883 1728 937 epistulasque
1761 882 1927 923 Ruricii
1959 881 2122 937 publici
2152 881 2254 922 iuris
2288 881 2406 922 fecit.

221 959 329 997 ,11110
364 956 474 996 edita
511 964 704 1008 repetere
738 954 884 994 noluit.
918 953 993 993 sed
1027 953 1130 993 satis
1163 952 1312 993 habuit
1345 952 1536 992 conferre
1571 965 1665 992 cum
1700 950 1887 992 editione
1919 951 2150 1005 Bigniana.

359 1030 520 1068 (Hinisii
554 1027 740 1068 editione
773 1041 919 1067 omnes
953 1040 1062 1080 quae
1096 1029 1335 1080 sequuntur
1366 1025 1620 1066 innituntur.

358 1103 543 1154 Magna
580 1101 916 1141 bibliotheca
958 1105 1152 1141 veterum
1191 1105 1374 1155 patrum.
1446 1099 1622 1139 Parisiis
1660 1100 1780 1149 1654,
1823 1102 1926 1139 10111.
1958 1097 2047 1147 ΠΙ,
2090 1112 2130 1152 p.
2165 1099 2405 1138 347—410

216 1173 445 1212 editionem
492 1170 651 1211 Canisii
695 1171 906 1223 integram
947 1169 1184 1224 expressit;
1228 1173 1328 1209 tom.
1368 1167 1445 1219 IV,
1486 1167 1518 1218 Ι,
1566 1182 1607 1222 p.
1647 1169 1729 1207 595
1771 1166 1988 1222 posterior
2028 1165 2118 1207 ΕΑ.
2157 1165 2244 1206 ΧΧ
2293 1180 2408 1222 pars,

216 1256 253 1296 p.
287 1242 508 1279 *init—608
543 1238 631 1278 FA.
667 1238 820 1278 XVIII
855 1252 951 1278 cum
985 1237 1376 1292 subscriptionibus
1410 1241 1453 1278 et
1482 1236 1573 1277 FA.
1601 1236 1711 1277 XIX
1744 1235 1886 1277 editae
1921 1239 2031 1276 sunt.

358 1319 576 1359 Maxima
613 1318 947 1359 bibliotheca
970 1322 1162 1358 veterum
1187 1321 1370 1371 patrum.
1438 1317 1639 1372 Lugduni
1667 1319 1788 1368 1677,
1821 1320 1922 1356 10111.
1946 1314 2072 1366 VIII,
2105 1329 2143 1370 p.
2169 1316 2408 1355 523—525

221 1389 304 1429 itt.
339 1387 489 1428 xwll
524 1399 634 1439 1111111
669 1386 1070 1442 subscriptionibus)
1104 1390 1146 1426 et
1184 1385 1272 1426 ΕΑ.
1312 1385 1439 1437 XIX,
1486 1400 1525 1440 p.
1566 1387 1803 1426 547—579
1849 1384 1938 1425 FA.
1978 1383 2077 1424 XX.
2110 1383 2407 1425 XV-XVII.

223 1456 406 1497 l-Xlll
442 1456 689 1510 Ruriciique
723 1456 934 1511 epistulae
969 1455 1110 1496 editae
1144 1460 1252 1496 sunt.

361 1530 541 1571 Iacobus
582 1530 848 1583 Basnage.
889 1529 1138 1570 Thesaurus
1179 1532 1555 1570 monumentorum
1594 1529 1988 1569 ecelesiasticorum
2029 1532 2072 1569 01
2105 1526 2409 1568 historicorum

217 1601 303 1639 sive
338 1599 513 1639 IIenriei
549 1598 706 1639 Canisii
731 1599 939 1639 lectiones
968 1599 1184 1653 antiquae.
1219 1598 1486 1652 Antverpiae
1518 1599 1635 1647 1715,
1669 1597 1765 1637 Vol.
1792 1597 1826 1643 I.
1859 1611 1897 1651 p.
1923 1598 2145 1637 352-407
2173 1595 2409 1637 editionem

220 1669 492 1708 (misianum
526 1668 740 1722 repetivit.

361 1742 559 1796 Migncu
608 1742 882 1795 Patrologiac
930 1755 1080 1781 cursus
1125 1741 1381 1796 completus.
1467 1740 1613 1781 Series
1662 1739 1820 1781 Latina
1875 1739 2001 1794 prior.
2058 1739 2236 1780 Parisiis
2289 1739 2411 1791 1862,

218 1822 316 1852 tom.
351 1811 511 1851 LVIII.
546 1825 583 1865 p.
619 1812 812 1850 (37—124
846 1809 1009 1850 Ruricii
1043 1809 1263 1863 epistulas,
1297 1824 1335 1863 p.
1367 1810 1592 1850 837—870
1626 1809 1775 1849 Fausti
1809 1809 2077 1863 aliorumque
2112 1808 2227 1864 typis
2261 1807 2410 1863 impri-

218 1879 395 1920 mendas
430 1880 608 1920 curavit.
640 1878 832 1919 ordinem
868 1883 1041 1919 secutus
1076 1892 1187 1929 011111,
1220 1878 1290 1932 qui
1324 1878 1367 1917 in
1398 1877 1591 1918 Maxima
1622 1877 1884 1918 bibliotheca
1918 1877 2174 1918 observatus
2208 1880 2284 1918 est.

361 1959 509 2000 Codex
555 1959 828 2000 Parisinus
876 1958 971 1999 Lat.
1015 1973 1054 1998 n.
1104 1959 1256 2007 11378,
1313 1957 1365 1998 de
1417 1971 1500 2012 quo
1551 1956 1758 1998 Alfredus
1810 1957 2008 1998 Schoene
2059 1956 2411 2012 Luetjohannum

218 2029 458 2069 admonuit.
503 2029 799 2069 recensionem
831 2027 992 2067 Ruricii
1040 2027 1322 2081 epistularum
1354 2027 1594 2068 absolutam
1628 2027 1818 2067 continet
1852 2026 1931 2067 sub
1966 2025 2046 2067 hoc
2081 2026 2225 2066 titulo:
2266 2025 2415 2067 Anicii

220 2098 387 2138 lim-isia·
434 2097 644 2148 Aquitani
688 2097 986 2137 savum-icens&
1023 2096 1225 2147 Episcopi
1271 2111 1320 2137 ac
1359 2097 1625 2148 quorundam
1672 2097 1858 2138 virorum
1905 2096 2138 2137 illustrium
2181 2096 2239 2136 acl
2273 2096 2414 2148 ipsum

221 2165 430 2217 Ιῂιῐκίιιῖας
463 2180 599 2205 amentes
629 2179 735 2217 quac
766 2168 941 2215 exstant,
975 2181 1023 2205 ea:
1055 2166 1302 2206 membranis
1332 2166 1633 2217 numuscrz’ptis
1660 2164 1919 2207 Celeberrimi
1940 2165 2197 2207 Monasterii
2225 2165 2269 2207 S.
2297 2163 2415 2206 Galli

218 2235 333 2286 astur]
364 2234 568 2275 [leb-etius·
599 2235 648 2275 ab
681 2234 862 2275 Hemico
889 2234 1059 2275 C'une'sio
1092 2235 1127 2275 Ι.
1158 2234 1199 2276 C.
1233 2234 1329 2275 olim
1352 2235 1497 2285 editae,
1530 2249 1643 2276 uum
1658 2236 1849 2286 primum
1869 2235 2003 2276 multa
2034 2249 2139 2276 cura
2161 2234 2412 2284 emendatae,

222 2304 260 2342 in
302 2302 579 2354 compluribus
618 2303 716 2343 locis
755 2303 988 2352 restitutae,
1028 2304 1216 2354 *notisque
1251 2304 1412 2344 criticis
1448 2307 1485 2344 et
1521 2304 1732 2345 historicis
1772 2304 2018 2345 illustratae.
2094 2304 2149 2344 Iu
2193 2303 2339 2345 Gallia
2378 2306 2416 2344 et

218 2386 396 2412 seorsum
422 2371 633 2423 stradeant
663 2372 801 2412 studio
833 2375 869 2411 et
900 2371 1035 2411 labore
1071 2372 1262 2425 (nomine
1295 2372 1452 2424 deleto,
1487 2387 1542 2414 m.
1576 2373 1630 2415 al.
1665 2373 2006 2428 superscripsit):
2039 2372 2091 2413 F.
2123 2372 2170 2412 Τ.
2199 2372 2249 2412 L.
2270 2371 2334 2412 M
2357 2371 2412 2412 B.

221 2441 408 2493 Pagina<
450 2442 609 2480 1-120
645 2441 859 2496 epistulae
892 2439 1050 2490 XCVI.
1085 2455 1124 2495 p.
1162 2442 1382 2482 121—188
1416 2445 1543 2482 notae
1578 2446 1804 2496 occupant.
1868 2442 2051 2482 Praeter
2084 2441 2414 2496 sangallensem

221 2509 359 2549 nullus
401 2509 537 2549 codex
570 2509 787 2549 adhibitus
825 2508 994 2550 videtur
1032 2523 1140 2550 esse.
1203 2509 1325 2551 Haec
1367 2510 1549 2551 fortasse
1588 2515 1654 2551 est
1702 2511 1985 2566 epistularum
2017 2510 2185 2551 Ruricii
2215 2510 2413 2551 recensio

223 2577 430 2631 Stephani
475 2577 658 2617 Baluzii.
708 2591 833 2632 quem
876 2582 1042 2618 constat
1081 2578 1313 2618 editionem
1355 2592 1500 2618 earum
1543 2592 1719 2632 parasse
1762 2579 1874 2633 typis
1920 2592 2006 2618 non
2044 2591 2300 2633 expressam
2343 2576 2414 2633 (cf.

224 2644 442 2692 Agobardi
476 2644 616 2699 Opera
652 2644 717 2686 ed.
751 2645 969 2695 Baluzius.
1003 2646 1138 2686 Paris,
1181 2648 1298 2698 1666,
1331 2650 1460 2687 notae
1493 2661 1534 2701 p.
1569 2646 1653 2701 28).

365 2719 429 2760 De
463 2720 540 2759 liae
575 2733 683 2759 nova
717 2719 901 2760 editione
936 2720 1039 2761 haec
1073 2720 1161 2761 fere
1187 2721 1506 2775 praemonenda
1530 2725 1641 2761 sunt.
1694 2721 1856 2762 Omnes
1880 2735 1986 2777 quas
2011 2721 2178 2763 edimus
2203 2722 2413 2778 epistulas

223 2798 395 2841 praeter
440 2801 565 2827 unam
613 2788 781 2828 Paulini
823 2789 909 2829 ΕΑ.
944 2788 1051 2829 XIV
1090 2788 1228 2829 codex
1264 2789 1303 2829 G
1340 2790 1532 2830 continet
1571 2790 1859 2844 neglegenter
1897 2791 2104 2845 scriptus⁷
2143 2795 2267 2832 textu
2304 2790 2430 2846 adeo-

224 2855 475 2910 depravato.
521 2864 563 2895 111
606 2857 861 2897 sententiam
902 2872 1031 2912 saepe
1064 2858 1145 2897 nisi
1180 2857 1407 2898 divinando
1440 2872 1523 2898 non
1557 2858 1822 2913 adsequaris.
1885 2858 2176 2900 Nihilominus
2210 2860 2341 2901 etiam
2372 2859 2415 2900 in

226 2925 274 2964 iis
309 2924 502 2978 epistulis
537 2938 645 2977 quae
678 2925 860 2965 redeunt
893 2926 933 2966 in
966 2926 1006 2965 P
1034 2926 1312 2968 recensendis
1348 2926 1388 2967 G
1420 2927 1572 2968 ducem
1605 2928 1742 2968 secuti
1776 2942 1936 2979 sumus.
1971 2942 2067 2969 cum
2098 2928 2140 2969 P
2163 2943 2249 2970 non
2273 2929 2411 2970 solum

226 2993 302 3031 lim·
337 2992 480 3033 codice
515 3007 596 3032 11011
631 2999 836 3048 praestet.
871 3009 1016 3035 verum
1053 2996 1181 3035 etiam
1215 2995 1348 3035 multo
1381 2996 1520 3050 magis
1553 2999 1776 3052 corruptus
1799 2997 1854 3037 sit
1883 3001 1927 3038 et
1948 2998 2174 3039 rusticiore
2199 2997 2415 3039 scribendi

227 3062 390 3101 ratione
425 3061 644 3101 librarium
679 3062 827 3116 prodat
862 3063 1116 3117 imperitum.
1179 3063 1406 3105 Nonnullis
1444 3065 1549 3105 locis
1589 3069 1772 3119 uterque
1814 3065 1950 3106 codex
1983 3066 2230 3121 corruptela
2262 3066 2414 3108 eadem

226 3129 404 3169 laborat.
468 3129 651 3170 Faustus
685 3137 726 3171 et
759 3130 958 3172 Ruricius
993 3146 1087 3172 cum
1121 3132 1272 3173 eadem
1307 3133 1439 3173 verba
1472 3147 1601 3188 saepe
1625 3137 1840 3188 repetant,
1873 3134 1938 3175 his
1970 3135 2076 3176 locis
2098 3135 2211 3176 inter
2232 3149 2275 3176 se
2299 3149 2414 3177 com-

228 3198 385 3251 paratis
411 3212 726 3253 nonnumquam
757 3206 900 3239 textus
934 3200 1154 3241 emendari
1183 3201 1332 3256 potuit.
1387 3201 1436 3241 In
1468 3203 1654 3257 epistula
1676 3202 1783 3243 XIV
1813 3201 1849 3244 C
1866 3207 1908 3243 et
1932 3207 2075 3244 aetate
2099 3207 2142 3245 et
2163 3205 2414 3260 integritate

227 3266 352 3319 longe
387 3267 556 3307 eminet.

369 3339 697 3396 Orthographia.
732 3356 839 3396 quae
872 3342 1038 3383 dicitur.
1073 3343 1231 3384 codicis
1265 3343 1303 3384 G
1337 3344 1510 3385 saeculo
1535 3343 1600 3384 IX
1632 3345 1778 3399 scripti
1812 3346 2060 3387 auctoribus
2094 3348 2254 3388 saeculi
2276 3347 2414 3403 quinti

227 3408 394 3448 obtrudi
430 3423 510 3448 non
545 3409 705 3452 debuit.
768 3411 845 3452 Est
885 3414 993 3453 enim
1038 3428 1089 3454 ea
1129 3414 1218 3454 fere
1251 3428 1360 3468 quac
1400 3415 1572 3455 sacculo
1606 3415 1670 3455 IX
1703 3414 1862 3455 usitata
1894 3419 2006 3466 erat,
2049 3416 2236 3470 vestigia
2269 3421 2414 3458 tamen

228 3475 434 3529 quaedam
469 3478 657 3519 retinens
695 3479 1022 3535 Merowingicae
1056 3483 1229 3522 rationis
1262 3482 1494 3534 scribendi⁷
1536 3497 1645 3537 quae
1679 3477 1937 3523 monachum
1971 3484 2258 3537 posteriorem
2291 3486 2414 3540 fuge-

228 3554 336 3583 runt.
404 3543 518 3598 Ego.
561 3546 638 3587 hac
685 3550 1040 3590 contaminatione
1085 3551 1269 3601 reiecta,
1317 3552 1536 3605 antiquam
1578 3551 1792 3593 scribendi
1838 3551 2195 3594 consuetudinem
2238 3558 2413 3595 secutus

229 3626 333 3651 sum.
411 3612 678 3668 Suppressae
720 3617 759 3656 in
806 3617 1081 3660 adnotatione
1130 3619 1446 3675 discrepantiae
1498 3620 1860 3676 orthographicae
1910 3620 2130 3675 specimen
2177 3621 2275 3663 huic
2320 3623 2414 3664 loco

228 3693 460 3722 reservari.
