2583 4011
129 1075 162 1100 10

129 1450 160 1474 15

129 1793 163 1818 20

132 2318 164 2342 25

134 2662 169 2686 30

967 181 1111 216 LIBER
1138 182 1182 222 11,
1215 180 1262 215 LI
1288 181 1308 225 ξ
1333 183 1355 216 6
1380 201 1423 206 -
1451 181 1531 216 LVI
1558 182 1577 225 ξ
1603 183 1634 217 3.
2322 184 2401 224 347

199 298 399 355 dependo
432 298 730 353 sospitationis
763 297 952 338 officium
986 295 1201 350 simulque
1234 296 1446 352 deposco,
1488 302 1535 337 ut
1579 310 1652 351 pro
1691 296 1813 336 nobis
1854 311 1975 338 orare
2016 296 2254 350 dignemini
2288 301 2330 338 et
2363 297 2404 338 id

198 383 224 410 a
255 368 470 410 communi
503 366 674 408 domino
707 366 970 422 peculiarius
1002 365 1238 421 postulare,
1272 370 1319 406 ut
1351 366 1435 406 iam
1469 364 1642 405 tandem
1677 365 1910 419 aliquando
1945 366 1986 405 in
2020 379 2149 405 unum
2183 366 2330 407 venire
2365 370 2407 406 et

198 452 275 478 nos
309 437 455 479 videre
486 449 746 486 mereamur,
779 439 826 476 ut
859 435 1038 485 caritas,
1079 448 1189 488 quae
1225 433 1464 475 secundum
1497 434 1758 474 sententiam
1791 433 2049 474 dominicam
2084 434 2126 474 in
2159 435 2407 489 pectoribus

198 506 356 548 nostris
398 519 476 562 per
517 505 784 550 absentiam,
832 503 944 559 quod
985 503 1111 559 peius
1152 507 1239 550 est,
1288 503 1480 552 refrixit,
1527 517 1605 557 pcr
1643 503 1934 558 praesentiam
1976 503 2128 542 iterum
2172 504 2212 543 in
2259 504 2408 558 sopitis

198 575 416 616 cineribus
459 574 694 615 suscitetur
740 578 784 614 ct
825 573 934 614 vivis
976 572 1154 613 vocibus
1198 572 1321 627 quasi
1372 572 1493 613 novis
1543 571 1715 612 flatibus
1758 571 1918 611 veteris
1964 571 2120 610 amoris
2170 572 2408 612 redivivum

199 648 427 699 reparetur
458 642 728 684 incendium:
777 641 891 697 quod
932 655 1050 682 more
1090 644 1220 695 atque
1261 641 1418 681 virtute
1460 640 1570 694 ignis
1614 640 1747 689 illius,
1794 653 1921 694 quem
1965 638 2163 679 dominus
2209 641 2324 680 misit
2369 642 2408 681 in
2455 644 2463 678 2

197 717 377 763 terram,
418 716 462 753 et
501 712 646 767 spinas
690 710 996 765 neglegentiae
1042 713 1215 751 nostrae
1250 713 1382 764 atquc
1419 708 1615 750 desidiae
1650 709 1688 748 vi
1726 713 1906 748 naturae
1941 708 2130 763 potentis
2172 714 2326 749 exurat
2369 714 2411 748 ct

199 781 403 823 tenebras
435 779 690 822 dormientis
724 778 865 820 cordis
898 779 1139 820 inluminet.
1370 807 1399 828 0

1261 960 1353 1002 LV.

642 1062 792 1105 ITEM
823 1062 969 1104 ALIA
1002 1062 1237 1105 RURICII
1269 1063 1351 1104 AD
1384 1062 1571 1105 IPSUM
1604 1060 1964 1105 EPISCOPUM.

345 1142 609 1204 AssiDmTAs
641 1161 959 1218 supplicantum
994 1161 1170 1216 supplet
1200 1161 1243 1201 in
1275 1160 1398 1201 nobis
1431 1161 1598 1215 gratiae
1623 1159 1863 1200 communis
1889 1158 2092 1204 officium,
2126 1163 2172 1199 ut
2194 1157 2274 1198 hoc
2299 1157 2411 1213 quod

198 1232 343 1273 facere
384 1231 624 1272 debeamus
663 1245 742 1286 per
780 1234 958 1271 mutuae
1002 1229 1250 1271 dilectionis
1293 1229 1496 1270 affectum
1540 1228 1748 1269 faciamus
1779 1241 1857 1283 per
1889 1232 2100 1269 externae
2135 1228 2412 1269 necessitatis

197 1300 444 1356 imperium,
495 1299 596 1340 dum
635 1300 803 1340 alienae
842 1299 1073 1340 tribuimus
1110 1298 1331 1354 petitioni,
1379 1297 1492 1353 quod
1538 1297 1739 1353 propriae
1786 1295 1946 1337 debere
1993 1310 2070 1337 nos
2112 1297 2412 1351 cognoscimus

200 1369 386 1420 caritati,
417 1372 466 1410 ut
498 1368 606 1409 haec
639 1368 883 1409 litterarum
914 1367 1196 1410 necessitudo
1230 1371 1351 1409 esset
1383 1381 1437 1408 ex
1467 1367 1689 1408 voluntate
1722 1365 2057 1407 necessitudinis
2092 1365 2293 1410 iucunda,
2327 1379 2410 1406 non

198 1453 254 1481 ex
302 1439 550 1480 calamitate
605 1437 871 1493 deplorantis
924 1442 1109 1479 extorta.
1181 1441 1329 1478 tamen
1381 1436 1483 1493 quia
1532 1440 1821 1491 spontaneam
1873 1434 2091 1475 scribendi
2140 1435 2413 1489 neglegimus

197 1508 402 1564 gratiam,
445 1507 590 1548 saltim
629 1507 980 1563 praetermittere
1021 1521 1107 1548 non
1146 1506 1358 1548 debemus
1391 1506 1622 1561 ingestam.
1685 1504 1870 1559 ideoque
1903 1518 1982 1560 per
2012 1503 2190 1545 fratrem
2225 1509 2267 1545 et
2299 1518 2412 1545 com-

198 1577 503 1634 presbyterum
543 1580 740 1618 nostrum
778 1576 1077 1629 Maxentium,
1121 1590 1250 1632 quem
1299 1577 1421 1617 nobis
1469 1576 1602 1617 frater
1647 1579 1796 1616 noster
1843 1573 2075 1628 episcopus
2118 1574 2254 1629 ipsius
2297 1588 2413 1613 com-

199 1646 433 1698 mendavit,
467 1645 581 1695 dedi,
615 1646 787 1702 quibus,
822 1646 1106 1702 sospitatione
1140 1645 1345 1702 depensa,
1384 1646 1524 1701 ipsum
1557 1642 1820 1701 apostolatui
1852 1646 1996 1683 vestro
2031 1641 2266 1682 secundum
2300 1641 2411 1697 quod

199 1716 436 1772 postulavit
476 1715 668 1767 insinuo,
713 1716 814 1770 quia
851 1716 940 1757 illic
978 1719 1101 1757 notos
1145 1719 1189 1757 et
1229 1715 1392 1756 amicos
1435 1714 1598 1755 habere
1642 1727 1689 1754 se
1733 1713 1857 1762 dicit,
1901 1712 1973 1766 qui
2018 1725 2115 1752 eum
2157 1710 2414 1752 beatitudini

200 1790 373 1827 vestrae
405 1784 575 1840 possint
612 1784 655 1825 in
693 1785 917 1840 praesenti
958 1785 1129 1840 plenius
1170 1785 1388 1836 intimare,
1432 1797 1612 1839 quorum
1654 1781 1904 1823 testimonio
1943 1781 2082 1835 possit
2121 1780 2256 1830 credi,
2299 1780 2412 1834 quod

200 1855 430 1896 assertioni
462 1854 598 1910 ipsius
630 1854 818 1895 fortasse
852 1868 936 1895 non
970 1854 1175 1896 creditur.

1250 2035 1369 2078 LVI.

1062 2137 1212 2180 ITEM
1243 2137 1326 2179 AD
1358 2136 1558 2179 IPSUM.

345 2220 465 2281 Fau
493 2239 627 2281 nostri
648 2238 892 2281 Ommatius
918 2243 961 2279 et
983 2237 1228 2294 Eparchius
1252 2236 1307 2278 ad
1330 2250 1398 2278 me
1430 2236 1599 2277 litteras
1631 2235 1785 2290 plenas
1817 2234 2008 2276 lacrimis
2041 2238 2084 2275 et
2117 2233 2414 2289 deploratione

200 2309 434 2360 miserunt,
480 2308 729 2364 specialiter
767 2307 1080 2363 deprecantes,
1120 2312 1169 2349 ut
1211 2306 1326 2362 apud
1360 2307 1640 2347 sanctitatem
1673 2308 1863 2346 vestram
1895 2319 1971 2360 pro
2003 2304 2251 2358 ignorantia
2284 2303 2416 2358 ipsius

201 2378 278 2420 filii
319 2378 455 2419 nostri
486 2377 694 2433 Eparchii
734 2377 998 2419 intercessor
1041 2377 1300 2423 existerem3
1345 2374 1636 2425 confidentes,
1677 2373 1790 2428 quod
1829 2386 1906 2429 pro
1949 2386 2094 2414 amore
2127 2378 2276 2413 mutuo
2310 2371 2415 2412 nihil

201 2447 328 2488 nobis
359 2461 522 2502 negare
555 2446 789 2488 deberetis.
842 2446 1029 2502 ideoque
1053 2446 1359 2502 presbyterum
1384 2448 1581 2486 nostrum
1604 2443 1891 2485 Eusebiolum
1915 2442 1968 2483 ad
1991 2443 2201 2498 pietatem
2224 2445 2415 2483 vestram

201 2516 245 2556 in
276 2515 359 2557 hac
392 2529 524 2557 causa
561 2516 717 2557 direxi.
780 2529 859 2572 per
895 2529 1024 2570 quem
1069 2516 1210 2556 saluto
1251 2514 1483 2570 plurimum
1525 2518 1569 2554 et
1612 2527 1739 2568 rogo,
1781 2516 1829 2553 ut
1866 2512 2084 2567 praefate,
2130 2511 2240 2552 sicut
2278 2510 2417 2559 decet,

203 2584 472 2627 sufficienter
513 2584 753 2634 admonito,
792 2584 1106 2640 indulgentiam
1149 2584 1285 2625 errori
1316 2583 1432 2624 illius
1466 2582 1568 2624 dare
1601 2596 1679 2638 pro
1712 2585 1863 2622 nostra
1903 2579 2219 2636 supplicatione
2265 2578 2417 2633 digne-

204 2654 332 2705 mini,
372 2655 472 2709 quia
505 2655 617 2696 sicut
647 2655 691 2695 in
723 2654 978 2696 defensione
1011 2653 1183 2710 peccati
1218 2654 1349 2694 stulte
1383 2657 1514 2707 atque
1546 2650 1784 2692 infideliter
1815 2649 2067 2705 perduranti
2101 2648 2245 2704 culpa,
2280 2647 2417 2688 donec

204 2728 415 2778 agnoscat
452 2728 639 2775 reatum,
679 2737 767 2764 non
799 2723 933 2765 debet
964 2723 1175 2776 relaxari,
1218 2723 1280 2763 ita
1311 2722 1475 2777 agnitio
1508 2720 1681 2776 peccati
1713 2719 1846 2761 debet
1879 2718 2077 2760 conferre
2110 2718 2282 2759 veniam
2316 2730 2417 2757 con-

202 2791 357 2833 fitenti.
418 2792 659 2834 remedium
701 2797 767 2833 est
806 2793 921 2833 enim
964 2792 1067 2833 mali
1108 2791 1324 2832 confessio
1365 2804 1449 2831 non
1491 2790 1694 2831 simulata
1733 2789 1881 2830 delicti
1920 2802 1999 2828 nee
2032 2787 2184 2827 ultioni
2219 2787 2418 2841 publicae

205 2861 461 2916 relinquitur
491 2862 628 2913 locus,
660 2861 735 2902 ubi
767 2876 883 2911 reus,
917 2862 1180 2902 conscientia
1213 2864 1458 2915 torquente,
1491 2860 1677 2915 punitur.

342 3045 364 3079 3
389 3044 523 3079 Matth.
551 3044 683 3086 XXIV,
711 3045 764 3078 12.
883 3045 905 3079 6
930 3044 1016 3079 Luc.
1043 3044 1124 3083 XII,
1149 3043 1204 3078 49.

346 3150 363 3183 1
390 3149 557 3194 dependo]
590 3151 678 3184 coni.
703 3145 877 3192 Ὀαηίεἰυε,
907 3151 1106 3193 deponendo
1134 3147 1167 3181 G
1322 3146 1345 3180 4
1370 3146 1479 3191 peius]
1507 3147 1639 3190 scripsi,
1670 3147 1759 3190 peris
1786 3143 1830 3187 G,
1861 3146 1905 3187 cf.
1930 3145 2029 3186 infra
2055 3144 2109 3185 II,
2134 3147 2176 3176 64
2286 3140 2416 3185 sopitis]

209 3207 421 3251 Lsttjolzmm,
445 3210 580 3252 sospitis
600 3207 634 3242 G
749 3208 770 3241 ἶ)
796 3210 913 3242 flatiba
933 3206 966 3241 G
1083 3207 1102 3240 ’ἶ
1129 3212 1162 3240 et
1185 3204 1359 3249 tenebras]
1379 3205 1590 3248 Lz'iQsolzcc712z‚
1614 3200 1816 3237 tenebrasG
1931 3203 1953 3233 ὅ
1978 3199 2171 3243 inluminet]
2192 3202 2266 3233 finit
2284 3200 2364 3232 add.
2388 3197 2420 3231 G

208 3264 251 3298 10
274 3267 378 3299 rurici
397 3264 431 3299 G
548 3266 589 3300 11
617 3265 885 3310 supplicantum]
905 3265 1116 3308 Latjolzann,
1140 3265 1369 3307 supplicatum
1387 3261 1421 3295 G
1540 3261 1582 3294 12
1607 3263 1792 3295 debeamus
1809 3257 1882 3303 per]
1902 3259 2032 3301 scripsi,
2057 3259 2240 3291 debeamus
2258 3268 2360 3300 super
2375 3254 2420 3296 G,

204 3323 368 3356 debemus
390 3335 493 3367 super
515 3325 599 3357 coni.
614 3324 804 3357 Mommsen
886 3321 1059 3365 affectum]
1078 3320 1122 3363 G,
1144 3323 1268 3354 affeetu
1285 3321 1475 3353 Mommsen
1604 3318 1649 3352 14
1671 3318 1898 3359 necessitud0‚
1923 3328 2010 3358 quae
2027 3321 2116 3348 esset
2133 3315 2217 3347 coni.
2232 3314 2420 3346 Mommsen

206 3391 275 3412 non
300 3378 359 3423 ex]
384 3382 516 3424 scripsi,
541 3393 632 3414 nouo
652 3379 696 3423 G,
721 3394 790 3415 non
814 3382 911 3414 iuuet
937 3381 1022 3413 coni.
1043 3379 1232 3412 Mommsen
1368 3376 1411 3410 17
1436 3367 1512 3421 effi
1528 3375 1561 3410 G
1691 3375 1734 3409 18
1759 3376 1872 3416 dedu,
1898 3385 1968 3406 ras.
1989 3378 2002 3405 t
2022 3370 2077 3404 G:
2103 3373 2165 3404 has
2191 3371 2418 3411 desideratur,

205 3442 242 3468 ut
265 3448 374 3480 supra
393 3438 448 3479 ΙΙ,
467 3441 488 3471 2
613 3438 656 3472 19
682 3440 762 3472 hare
782 3436 816 3471 G
938 3437 984 3470 24
1008 3438 1057 3470 fili
1077 3435 1111 3470 G
1187 3433 1380 3478 ommatius]
1400 3435 1532 3477 scripsi,
1557 3435 1708 3467 omacius
1724 3431 1758 3466 G
1880 3430 1924 3464 26
1949 3430 2087 3473 eparchi
2107 3427 2140 3461 G
2262 3426 2305 3460 27
2332 3428 2420 3460 ideo-

207 3493 285 3536 que]
312 3494 523 3537 ῙᾸὶζὶΟῘὶαηπ,
555 3497 713 3539 idemque
733 3494 766 3528 G
926 3494 971 3528 28
995 3507 1077 3528 caus
1105 3492 1138 3527 G
1247 3493 1328 3525 dicit
1356 3490 1389 3524 G
1546 3490 1591 3524 29
1615 3487 1863 3535 supplicatione
1897 3485 2097 3530 dignemini]
2130 3485 2213 3517 coni.
2232 3485 2421 3517 illommseu

207 3552 302 3594 (quia
317 3557 482 3594 reputans
497 3554 588 3586 male
601 3552 835 3596 θενιίπαίῖιτη),
852 3554 1133 3596 supplicationem
1151 3552 1268 3593 iniqua
1283 3552 1386 3592 (corr.
1404 3551 1535 3592 iniquia
1551 3547 1584 3582 G
1595 3549 1621 3591 ¹)
1642 3547 1686 3591 G,
1711 3548 1958 3593 supplicatione
1971 3546 2109 3577 minime
2127 3545 2243 3586 iniqua
2262 3545 2419 3576 canisius

207 3608 254 3642 30
277 3610 467 3642 defessione
487 3607 521 3642 G
607 3611 732 3644 stultae
751 3609 785 3644 G
925 3610 967 3644 31
994 3608 1076 3652 non]
1103 3621 1165 3641 om.
1186 3605 1231 3648 G,
1255 3608 1366 3650 suppl.
1389 3606 1547 3639 canisius
1632 3604 1798 3648 conferre]
1824 3607 1860 3637 in
1883 3615 1953 3637 raS.
1975 3600 2029 3635 G¹

2073 3781 2145 3814 44²<

2481 296 2523 342 G
