2583 4011
103 1251 134 1275 10

102 1626 132 1650 15

104 2165 136 2190 20

106 2516 137 2541 25

107 2864 140 2889 30

109 3211 141 3236 35

915 206 1053 241 LIBER
1083 207 1127 246 ΙΙ,
1163 207 1295 240 XLVII
1323 208 1342 247 ξ
1372 209 1385 240 1
1416 227 1456 231 —-
1487 207 1529 240 Li
1557 209 1575 249 ’ς’
1602 209 1633 240 5.
2297 208 2377 246 345

1193 399 1354 440 XLIX.

575 503 942 544 APRUNCULO
976 502 1269 543 Episcopo
1303 501 1592 543 RURICIUS
1628 501 1970 542 El'lsetwl‘s

310 581 487 642 Exffln‘r
531 601 666 641 mutui
705 600 865 640 amoris
910 601 1092 641 affectus
1136 598 1189 640 ad
1233 598 1496 639 individuam
1532 596 1634 637 milli
1668 597 1945 637 sanctitatem
1982 603 2166 639 vestram
2204 601 2291 639 sola
2329 615 2380 640 ex

171 683 302 711 causa
349 669 516 710 litteras
563 669 810 712 destinare.
859 669 1029 709 etiamsi
1079 682 1160 708 non
1211 682 1257 708 sc
1305 667 1474 708 occasio
1523 671 1764 721 opportuna
1821 667 2071 721 porrigeret.
2144 668 2253 708 mide
2309 683 2383 723 per

171 738 390 779 hominem
414 738 489 778 filii
521 739 606 778 mei
629 737 802 778 Leontii
837 737 912 777 has
945 737 996 777 ad
1032 737 1323 792 apostolatum
1357 741 1548 777 vestrum
1582 734 1696 780 (ledi,
1732 735 1902 789 quibus,
1938 735 2222 790 sospitatione
2257 751 2379 790 prat·-

171 807 274 857 lata,
308 820 435 861 quam
467 821 522 848 ex
555 806 787 856 sententia,
821 806 901 847 deo
935 806 1122 853 favente,
1157 806 1355 852 valeatis,
1391 806 1573 860 inquiro,
1608 804 1709 859 quia
1743 804 1822 858 ipsi
1857 803 2004 849 nostis,
2039 804 2381 845 incolumitatem

172 879 364 916 vestram
397 879 591 915 nostram
625 889 721 915 csse
756 874 986 917 laetitiam:
1020 889 1213 929 sperans,
1248 879 1307 918 ut,
1341 873 1551 914 redeunte
1584 873 1794 928 praefato,
1829 886 1906 912 nos
1934 872 2125 913 reddatis
2150 872 2202 912 de
2229 873 2382 913 vestris

174 943 344 985 actibus
378 943 567 998 propitia
599 942 823 984 divinitate
859 957 1048 994 securos,
1082 957 1189 997 quos
1225 942 1380 983 videtis
1414 956 1511 983 esse
1546 941 1598 982 de
1633 942 1919 996 prosperitate
1955 942 2178 983 sollicitos.

1253 1138 1300 1179 L.

593 1241 881 1282 RURICIUS
915 1240 1246 1283 EPISCOPUS
1280 1240 1632 1282 CERAUNIAE
1668 1240 1962 1282 SALUTEM.

315 1320 401 1380 DE
444 1339 754 1382 sincerissima.
802 1353 886 1393 qua
932 1353 1008 1379 nos
1056 1353 1132 1394 pro
1176 1339 1446 1393 benignitate
1490 1339 1621 1380 animi
1661 1339 1723 1379 tui
1766 1353 1851 1378 non
1895 1353 1972 1394 pro
2017 1339 2176 1379 nostris
2221 1338 2384 1378 meritis

172 1409 364 1464 dignaris
406 1408 610 1449 excolere
653 1408 695 1448 in
737 1407 929 1452 domino,
972 1407 1151 1448 caritate
1197 1408 1438 1460 confidens,
1484 1422 1661 1449 securus
1703 1408 1781 1448 has
1822 1407 1876 1448 ad
1910 1408 2234 1449 venerationem
2269 1412 2385 1447 tuam

171 1477 333 1529 direxi,
377 1477 533 1532 quibus
564 1477 607 1517 in
639 1476 813 1518 domino
847 1491 896 1517 ac
929 1475 1009 1518 deo
1043 1481 1192 1518 nostro
1224 1477 1410 1519 salutem
1451 1477 1627 1518 uberem
1670 1476 1843 1527 dicens,
1884 1477 2134 1532 specialiter
2176 1491 2299 1530 rogo,
2342 1480 2386 1516 ut

170 1560 223 1588 ea
254 1559 364 1601 quae
397 1560 475 1601 per
513 1559 685 1587 servum
717 1550 911 1587 vestrum
943 1545 1191 1587 Amandum
1236 1547 1365 1588 verbo
1409 1547 1617 1597 reseravi,
1664 1547 1699 1587 si
1740 1547 1950 1602 possibile
1994 1551 2078 1597 cst,
2121 1545 2246 1586 nobis
2291 1546 2382 1586 sine

171 1615 379 1657 dilatione
420 1619 647 1671 praestare
689 1614 948 1670 dignemini;
995 1615 1095 1671 quia
1136 1615 1243 1657 haec
1283 1630 1352 1657 res
1398 1620 1442 1657 ot
1474 1629 1552 1656 nos
1585 1616 1779 1657 relevare
1812 1620 1957 1671 potest
1990 1619 2033 1657 et
2065 1615 2188 1656 vobis
2222 1614 2387 1655 nullum

169 1688 312 1741 potest
344 1684 500 1726 afferre
534 1683 823 1740 dispendium,
856 1683 972 1739 quod
1005 1699 1086 1740 ego
1120 1700 1197 1741 pro
1232 1685 1444 1726 beneficio
1480 1684 1668 1726 maximo
1699 1685 1972 1740 computabo.
2028 1686 2200 1735 iterum,
2234 1685 2275 1725 in
2305 1698 2386 1738 quo

172 1753 388 1796 iusseritis
422 1754 490 1794 vel
521 1768 625 1795 usus
658 1755 873 1809 exegerit,
906 1754 1044 1796 vicem
1080 1755 1315 1810 reciprocis
1350 1754 1571 1810 obsequiis
1606 1768 1844 1809 repensare
1879 1753 2151 1796 contendam.

1243 1957 1318 2000 LI.

458 2063 745 2105 RURICIUS
778 2062 1107 2104 EPISCOPUS
1143 2061 1445 2103 CENSORIO
1478 2061 1774 2104 EPISOOPO
1810 2061 2104 2103 SALUTEM.

310 2144 534 2203 LirrssnAs
556 2161 801 2203 sanctitatis
826 2165 1008 2212 vestrae,
1044 2160 1126 2202 etsi
1150 2175 1227 2216 per
1249 2161 1540 2212 occasionem,
1570 2161 1794 2216 accepisse
1820 2175 1887 2202 me
1912 2161 2116 2215 gratulor.
2168 2175 2250 2201 non
2275 2160 2387 2201 enim

173 2232 377 2283 interest,
418 2235 563 2272 utrum
594 2245 649 2272 ex
682 2230 948 2272 necessitate
986 2235 1061 2271 aut
1104 2244 1159 2271 ex
1192 2230 1434 2280 voluntate,
1478 2229 1709 2271 dummodo
1754 2230 1867 2271 inter
1910 2244 1956 2270 se
2001 2229 2188 2270 invicem
2232 2229 2304 2284 qui
2343 2244 2388 2270 se

174 2299 360 2356 diligunt
402 2301 702 2355 colloquantur
744 2303 787 2341 et
829 2313 938 2354 quos
982 2313 1163 2355 corpore
1207 2300 1399 2341 locorum
1443 2300 1671 2340 intervalla
1712 2299 2011 2340 discriminant
2054 2298 2296 2339 animorum
2340 2312 2388 2339 ac

175 2384 381 2412 sensuum
432 2370 649 2424 colloquia
698 2369 783 2410 fida
833 2369 1121 2423 coniungant3
1176 2369 1277 2423 quia
1318 2368 1400 2409 hoc
1442 2369 1566 2410 nobis
1611 2368 1816 2423 generale
1859 2368 1929 2408 vel
1972 2367 2209 2408 maximum
2255 2367 2388 2407 virtus

175 2438 348 2481 divinae
380 2439 555 2496 pietatis
587 2438 784 2490 indulsit,
827 2442 873 2478 ut
906 2438 976 2493 qui
1011 2452 1089 2479 nos
1122 2441 1303 2493 aspectu
1337 2438 1500 2478 carnali
1544 2451 1630 2478 non
1670 2451 1902 2493 possumus
1943 2437 2162 2488 contueri,
2206 2435 2389 2491 spiritali

175 2522 403 2550 cernamus
437 2508 604 2550 obtutu.
666 2507 804 2559 unde,
847 2506 1057 2549 redeunte
1097 2507 1249 2562 gerulo
1292 2507 1554 2558 litterarum,
1596 2505 1693 2557 has,
1738 2506 1851 2547 sicut
1892 2505 2163 2555 iniunxistis,
2207 2503 2388 2545 reddere

175 2577 425 2634 procuravi,
466 2581 515 2618 ut
557 2582 600 2619 et
642 2575 922 2618 sollicitudini
960 2583 1134 2617 vestrae
1177 2580 1220 2617 et
1261 2579 1438 2616 mutuae
1472 2575 1643 2616 caritati
1674 2575 1837 2630 pariter
1879 2573 2205 2629 responderem.
2268 2573 2386 2613 salve

176 2647 322 2702 itaque
355 2646 619 2703 apostolatui
651 2649 795 2687 vestro
827 2645 1062 2701 plurimum
1095 2644 1295 2700 dependo
1329 2648 1373 2685 et
1405 2644 1484 2685 hoc
1518 2644 1631 2699 quod
1663 2644 1860 2699 apicibus
1900 2657 2095 2684 meorum
2139 2641 2388 2683 testimonio

176 2716 377 2758 voluistis
402 2729 660 2771 agnoscere,
692 2718 834 2756 utrum
860 2713 1046 2756 Sindilla
1066 2728 1222 2770 porcos
1246 2728 1348 2755 suos
1372 2713 1584 2769 prudente
1608 2713 1844 2755 Foedamio
1870 2711 2147 2768 perdidisset,
2181 2711 2388 2752 noveritis

177 2800 247 2828 me
290 2785 406 2841 apud
445 2785 641 2826 homines
687 2798 827 2835 meos,
875 2784 951 2826 ubi
995 2784 1189 2836 fuerunt,
1237 2783 1470 2838 diligenter
1509 2783 1794 2838 perquisisse.
1863 2781 1961 2833 sed,
2010 2781 2122 2822 sicut
2165 2785 2265 2821 ante
2306 2780 2389 2820 iam

176 2869 396 2907 noveram,
436 2854 572 2909 magis
606 2858 649 2895 et
678 2853 785 2895 istos
818 2852 1026 2903 laborem,
1065 2852 1252 2893 faciente
1283 2851 1477 2893 facinore
1513 2851 1736 2902 Sindillae,
1772 2864 2004 2907 perpessos
2040 2862 2136 2891 esse
2171 2853 2213 2889 ct
2246 2849 2388 2904 ipsum

176 2939 334 2981 porcos
367 2939 469 2966 suos
501 2939 579 2980 per
609 2923 946 2980 perversitatem
977 2937 1118 2975 suam,
1159 2922 1261 2963 dum
1293 2921 1346 2963 (10
1380 2921 1566 2963 adversa
1597 2925 1722 2977 parte
1756 2934 1854 2961 esse
1891 2933 1936 2960 se
1970 2918 2158 2967 iactitat,
2193 2917 2390 2958 amisisse

179 2994 384 3049 cognovi:
428 2997 621 3035 ceterum
652 2993 900 3048 praefatum
931 2991 1213 3033 Foedamium
1247 2991 1310 3032 illi
1351 2992 1395 3031 in
1434 2991 1553 3032 nullo
1597 2990 1878 3046 culpabilem,
1920 3003 2019 3030 nam
2059 2988 2174 3044 quod
2214 2987 2391 3043 pertulit

179 3063 286 3104 nulli
327 3063 400 3104 alii
440 3063 522 3104 nisi
561 3062 644 3103 sibi
675 3062 808 3104 debet
852 3076 908 3103 ex
953 3061 1152 3102 omnibus
1195 3059 1427 3116 imputare.
1498 3061 1542 3101 in
1588 3073 1672 3115 qua
1721 3073 1853 3100 causa
1901 3062 2111 3114 quantum
2159 3071 2241 3112 ego
2289 3070 2389 3097 con-

177 3132 464 3188 templatione
504 3133 656 3184 vestri,
699 3136 745 3172 ut
786 3131 986 3173 homines
1027 3131 1162 3172 vestri
1202 3134 1277 3171 aut
1309 3144 1334 3171 a
1367 3129 1561 3171 custodia
1601 3129 1894 3171 liberarentur
1932 3132 2007 3170 aut
2037 3142 2193 3184 porcos
2227 3130 2391 3167 vestros

178 3202 444 3258 reciperent,
494 3201 806 3253 laboraverim,
854 3201 961 3256 ipsis
1006 3200 1091 3241 iam
1138 3198 1453 3247 referentibus,
1501 3199 1672 3254 plenius
1716 3198 1922 3254 potuistis
1967 3206 2229 3252 agnoscere:
2278 3193 2391 3250 quod

317 3339 339 3373 3
364 3338 420 3384 ex]
442 3338 486 3378 G,
510 3352 549 3373 ea
574 3341 658 3373 coni.
678 3340 868 3373 Blemmsen
1006 3336 1029 3371 4
1055 3338 1209 3371 distinari
1229 3335 1262 3370 G
1356 3335 1556 3380 porrigeret]
1584 3338 1718 3380 scripsi,
1749 3337 1938 3380 porregerit
1957 3334 2001 3377 G,
2026 3335 2215 3379 porrexerit
2234 3333 2390 3366 &misius

179 3397 202 3432 5
224 3399 331 3431 leonti
349 3395 383 3431 G
488 3399 618 3441 praelat
638 3396 672 3431 G
823 3397 844 3430 6
869 3397 958 3430 nosti
979 3394 1012 3429 G
1163 3395 1184 3428 8
1209 3393 1264 3437 de]
1291 3406 1354 3427 om.
1375 3392 1409 3428 G
1563 3393 1607 3427 10
1631 3394 1831 3427 caerauniae
1855 3391 1888 3426 G
2042 3391 2083 3424 11
2116 3389 2198 3434 qua]
2225 3402 2246 3423 a
2270 3402 2336 3432 qua
2360 3386 2393 3421 G

180 3454 224 3488 12
253 3456 450 3489 uentionem
477 3453 510 3488 G
650 3454 694 3488 14
717 3453 881 3498 reseraui]
908 3454 1109 3494 Mommsen,
1134 3453 1271 3496 speraui
1298 3449 1348 3485 G:
1380 3453 1486 3485 uerbo
1517 3452 1704 3485 mandastis
1728 3452 1827 3494 infra
1852 3450 1906 3491 II,
1932 3452 1976 3483 63
2119 3448 2160 3481 16
2194 3448 2392 3481 benefitium

180 3525 270 3547 corr.
286 3513 447 3546 benefitio
467 3510 520 3545 G¹
593 3511 754 3555 maximo]
781 3524 798 3546 e
815 3524 904 3545 corr.
922 3509 977 3545 G¹
1105 3509 1146 3543 17
1173 3510 1318 3553 exigerit
1336 3507 1370 3542 G
1494 3509 1536 3542 19
1561 3510 1718 3543 censurio
1740 3506 1774 3541 G
1896 3506 1940 3539 22
1965 3518 2050 3549 quos
2076 3523 2118 3527 —
2144 3502 2390 3546 discriminant]

181 3571 225 3614 cf.
242 3582 351 3613 supra
368 3569 423 3611 II,
441 3573 482 3602 10
597 3569 642 3602 24
668 3568 819 3613 diuinae]
837 3569 1050 3613 Li'itjohamz,
1074 3565 1244 3611 diuissacte
1263 3564 1297 3599 G
1323 3567 1374 3607 (in
1398 3567 1547 3599 transitu
1563 3579 1586 3599 a
1598 3567 1736 3610 pagina
1752 3566 1801 3598 acl
1815 3564 2007 3608 payinam),
2033 3564 2090 3595 diu
2107 3563 2214 3595 iactae
2234 3562 2391 3595 Cani-rius

180 3625 226 3660 28
249 3625 430 3670 prudente]
450 3624 494 3667 G,
517 3628 681 3670 prodente
706 3628 790 3660 coni.
807 3627 1009 3670 LzZtJ‘ohann
1164 3623 1209 3657 30
1234 3624 1384 3656 facinore
1409 3623 1578 3667 sindillae]
1597 3624 1798 3663 Mommsen,
1824 3623 1908 3655 facis
1933 3622 2058 3653 indilae
2078 3618 2121 3661 G,
2146 3620 2222 3662 paci
2246 3619 2390 3652 sindilae

185 3685 342 3718 Can-isius
435 3696 616 3727 perpessus
636 3683 669 3717 G
809 3684 852 3718 31
878 3683 948 3728 per]
975 3695 1038 3716 om.
1059 3681 1092 3715 G
1232 3680 1276 3714 33
1301 3679 1378 3722 sibi]
1405 3693 1468 3713 om.
1486 3678 1530 3721 G,
1554 3681 1666 3723 suppl.
1692 3679 1892 3722 Liitjolzann
1986 3677 2159 3720 quandum
2188 3674 2221 3709 G
2313 3687 2390 3709 con-

181 3742 394 3785 templationi
421 3739 455 3774 G
594 3739 638 3775 35
668 3742 852 3785 reciperint
881 3739 915 3773 G
1006 3741 1098 3783 ipsos
1122 3758 1166 3762 —
1192 3741 1376 3772 referent-es
1404 3736 1448 3779 G,
1480 3739 1554 3782 ipso
1579 3756 1622 3761 —-
1648 3739 1815 3770 referente
1841 3736 1925 3769 coni.
1944 3735 2135 3767 ssIommsen

322 3819 493 3855 Summus.
2071 3811 2117 3845 44
