2583 4011
1023 187 1163 222 LIBER
1191 188 1250 228 IX,
1277 190 1298 223 3
1316 190 1336 232 ἓ
1353 190 1375 224 4
1399 209 1441 214 —
1468 192 1488 225 6
1507 191 1527 232 ς’
1547 191 1576 224 1.
2322 197 2398 235 153

194 310 305 350 forte
337 307 538 349 videatur
569 307 661 362 ipse
694 306 791 361 plus
825 305 992 347 litteras
1016 318 1073 346 ex
1096 317 1215 345 more
1239 304 1479 360 deposcere
1503 319 1630 360 quam
1656 321 1734 346 nos
1759 320 1814 347 ex
1838 321 1983 350 amoro
2013 309 2191 353 dictare,
2225 310 2399 352 domine

194 392 327 435 papa3
360 377 546 432 ideoque
579 380 820 418 vestrorum
854 376 951 431 plus
983 378 1264 421 mementote,
1298 389 1406 431 quos
1441 376 1554 417 inter
1586 377 1904 432 praesumimus
1939 380 2190 433 computari.
2226 380 2398 434 quique,

192 447 304 489 sieut
343 446 500 489 vestris
544 445 754 501 erigimur
791 444 1016 489 secundis,
1057 445 1118 486 ita
1157 444 1442 501 deprimimur
1478 445 1686 487 adversis.
1750 459 1846 486 nain
1880 446 1992 500 quod
2026 462 2163 503 nuper
2196 463 2399 504 quorum-

194 517 310 573 piam
350 516 533 557 fratrum
570 515 837 557 necessitate
870 515 1028 556 multos
1062 515 1330 570 pertuleritis
1370 528 1579 569 angores,
1622 514 1755 555 flebili
1788 514 1842 554 ad
1875 515 2027 556 flentes
2060 518 2268 558 relatione
2303 533 2400 574 pcr-

139 596 153 618 .›·‚
194 585 326 628 venit.
389 585 467 626 sed
499 589 566 633 tu,
608 585 686 626 flos
724 583 1000 625 sacerdotum
1038 598 1212 638 gemma
1250 584 1522 640 pontificum,
1566 583 1749 625 seientia
1781 583 1903 625 fortis
1936 585 2086 626 fortior
2119 587 2399 629 conscientia.

125 941 157 965 10

125 1909 158 1933 20

194 655 331 696 minas
363 653 589 708 undasque
623 653 905 694 mundialium
939 667 1095 708 sperne
1129 653 1388 697 nimborum,
1429 653 1529 708 quia
1561 652 1813 707 frequenter
1846 652 1940 708 ipse
1973 653 2171 700 docuisti,
2204 655 2315 709 quod
2350 656 2402 696 ad

193 724 409 779 promissa
440 722 641 764 convivia
672 721 1018 778 patriarcharum
1042 723 1110 764 vel
1138 722 1192 764 ad
1226 727 1377 764 nectar
1409 722 1664 764 caelestium
1689 722 1943 777 poculorum
1968 737 2046 777 per
2069 723 2400 764 amaritudinum

194 797 465 835 terrenarum
499 793 662 834 calices
695 791 1014 848 perveniretur.
1063 791 1174 833 velis
1208 792 1334 836 nolis,
1368 791 1552 846 quisque
1586 791 1823 846 contempti
1847 791 2100 832 mediatoris
2125 793 2404 847 consequitur

194 876 396 918 regnum,
440 863 635 918 sequitur
667 862 933 918 exemplum.
996 861 1317 916 quantumlibet
1350 860 1473 902 nobis
1506 861 1777 902 anxietatum
1812 864 1986 916 pateras
2021 861 2131 902 vitae
2167 862 2405 915 praesentis

194 932 398 988 propinet
430 932 625 983 afflictio,
657 945 792 987 parva
824 932 1074 983 toleramus,
1109 933 1144 972 si
1176 931 1467 982 recordamur,
1501 930 1603 985 quid
1635 930 1796 972 biberit
1818 930 1871 971 ad
1896 930 2136 985 patibulum
2162 931 2230 985 qui
2257 931 2406 971 invitat.

196 1001 466 1045 adcaelum.
528 1015 693 1044 memor
724 1002 863 1043 nostri
897 1015 996 1043 esse
1029 1000 1225 1056 dignare,
1259 1000 1429 1042 domine
1462 1014 1589 1056 papa.

1278 1195 1330 1237 V.

601 1300 883 1344 SIDONIUS
917 1299 1154 1343 DOMINO
1186 1297 1386 1341 PAPAE
1420 1297 1674 1340 IULIANO
1709 1297 2003 1339 SALUTEM.

343 1393 460 1455 Em
492 1413 738 1469 plusculum
769 1411 881 1453 forte
909 1411 1113 1461 discreta,
1147 1424 1276 1465 quam
1302 1409 1544 1450 communis
1569 1409 1738 1450 animus
1763 1409 1954 1464 optabat2
1989 1409 2092 1450 sede
2118 1409 2407 1460 consistimus,

194 1497 279 1524 non
323 1486 470 1525 tamen
521 1482 654 1524 medii
699 1482 866 1524 itineris
915 1480 1091 1522 obiectu
1138 1484 1347 1536 quantum
1400 1478 1455 1520 ad
1502 1478 1759 1520 solvendum
1808 1483 1977 1535 spectat
2024 1479 2213 1519 officium
2261 1483 2411 1519 nostra

150 1569 157 1583 ν
195 1552 405 1594 sedulitas
443 1551 741 1608 impediretur,
787 1551 869 1593 nisi
910 1549 1025 1606 quod
1064 1563 1144 1606 per
1182 1564 1319 1605 regna
1360 1548 1485 1590 divisi
1518 1563 1543 1590 a
1577 1549 1838 1591 commercio
1870 1548 2163 1603 frequentiore
2198 1548 2410 1589 sermonis

195 1622 465 1664 diversarum
505 1622 686 1663 sortium
728 1622 822 1663 iure
864 1634 1141 1663 revocamur:
1183 1633 1295 1675 quae
1337 1633 1450 1661 nunc
1489 1619 1632 1660 saltim
1675 1622 1775 1674 post
1814 1618 1935 1674 pacis
1977 1618 2128 1659 initam
2162 1617 2408 1673 pactionem

193 1692 292 1748 quia
323 1691 528 1734 fidelibus
561 1691 718 1733 animis
750 1690 1107 1737 foederabuntur,
1142 1690 1294 1746 apices
1328 1689 1462 1731 nostri
1494 1689 1706 1745 incipient
1739 1702 1985 1730 commeare
2020 1687 2173 1732 crebri,
2207 1687 2408 1742 quoniam

195 1765 369 1804 cessant
399 1775 496 1803 esse
528 1761 733 1818 suspecti.
787 1761 982 1817 proinde,
1017 1760 1189 1802 domine
1220 1774 1349 1816 papa,
1383 1773 1480 1801 cum
1514 1758 1809 1800 saerosanctis
1839 1757 2046 1799 fratribus
2071 1756 2224 1798 vestris
2247 1756 2411 1811 pariter

196 1830 369 1873 Christo
409 1831 731 1887 supplicaturas
769 1831 936 1886 iungite
976 1845 1154 1887 preces⁷
1196 1835 1244 1872 ut
1283 1830 1490 1885 dignatus
1525 1842 1783 1885 prosperare
1817 1842 1927 1883 quac
1962 1827 2154 1882 gerimus
2188 1826 2411 1880 nostrique

197 1900 376 1942 dominii
408 1905 658 1957 temperans
689 1902 788 1943 lites
823 1915 943 1943 arma
975 1915 1260 1957 compescens
1293 1900 1390 1942 illos
1423 1902 1679 1941 muneretur
1702 1897 1966 1945 innocentiaq
2001 1910 2080 1938 nos
2105 1897 2262 1952 quiete‚
2298 1899 2410 1936 totos

197 1971 444 2013 securitate.
508 1985 674 2013 memor
705 1971 845 2012 nostri
878 1985 973 2013 esse
1007 1970 1203 2027 dignare,
1237 1969 1412 2012 domine
1445 1983 1574 2026 papa.

1266 2167 1346 2208 VI.

573 2270 856 2313 SIDONIUS
889 2270 1128 2313 DOMINO
1161 2271 1361 2313 PAPAE
1395 2269 1707 2312 AMBROSIO
1742 2267 2038 2311 SALUTEM.

339 2363 493 2424 Wourr
535 2396 613 2438 pro
656 2381 943 2423 dilectissimo
987 2385 1135 2423 nostro
1176 2381 1299 2437 (quid
1337 2381 1489 2436 loquar
1526 2394 1686 2421 nomen
1723 2384 1987 2435 personam?
2037 2382 2081 2419 tu
2121 2390 2412 2432 recognosces

199 2451 374 2507 cuncta)
407 2449 524 2506 apud
548 2449 770 2492 Christum
803 2455 879 2493 tua
913 2451 1123 2493 sanctitas
1156 2450 1485 2492 intercessionis
1520 2450 1700 2499 effectu:
1736 2448 1789 2490 de
1824 2448 1946 2490 cuius
1978 2447 2189 2488 facilitate
2223 2445 2413 2487 iuvenali

146 2539 160 2555 0
199 2535 330 2576 saepe
372 2534 486 2562 nunc
529 2520 705 2561 arbitris
742 2521 887 2576 palam
929 2520 1107 2563 adscitis
1141 2520 1490 2576 conquerebare,
1535 2534 1648 2561 nunc
1687 2519 1846 2561 tacitus
1886 2517 2221 2573 ingemiscebas.
2283 2516 2414 2570 igitur

338 2694 361 2728 2
392 2696 537 2740 ideoque
562 2695 605 2738 L,
641 2697 716 2730 ideo
748 2702 853 2739 (corr.
879 2697 916 2729 in
946 2697 981 2729 in
1007 2697 1070 2730 deo
1095 2695 1172 2732 211¹)
1201 2696 1244 2728 M
1249 2695 1281 2728 T
1280 2696 1315 2738 C,
1352 2696 1386 2728 in
1412 2696 1474 2729 deo
1501 2694 1569 2727 FP
1660 2693 1738 2736 plus
1762 2704 1786 2725 s.
1816 2693 1837 2725 ἰ.
1863 2691 1945 2724 adel.
1972 2691 2027 2723 1⁸2
2123 2690 2200 2733 plus
2231 2700 2334 2731 usque
2367 2689 2415 2721 ad

198 2778 449 2820 praesumimus
475 2778 665 2821 comparari
690 2778 772 2811 add.
790 2778 827 2811 in
843 2790 954 2821 mary.
971 2778 1023 2811 Ρλ
1143 2778 1165 2811 3
1191 2779 1239 2812 510
1258 2778 1290 2811 L
1360 2779 1407 2812 ita
1433 2777 1655 2821 deprimimur
1672 2787 1735 2809 om.
1754 2775 1784 2807 L
1856 2774 2013 2817 qum-uda
2031 2772 2064 2805 P
2177 2770 2199 2805 4
2225 2772 2357 2804 labores
2380 2771 2417 2811 Τ,

199 2869 370 2902 anguores
395 2870 421 2891 8·
449 2859 470 2891 ἶ·
496 2859 579 2891 add-
610 2859 643 2891 Τ
646 2859 657 2878 ¹
763 2861 876 2894 flentis
902 2859 927 2902 (i
952 2872 1042 2894 corr.
1067 2872 1108 2894 ea:
1133 2872 1151 2894 0
1176 2860 1244 2902 L1)
1270 2860 1301 2892 L
1453 2858 1473 2892 5
1499 2860 1564 2891 flus
1590 2857 1621 2890 L
1726 2857 1850 2890 sorcior
1875 2855 1912 2888 F
2063 2854 2084 2885 (i
2110 2854 2348 2887 nimbonorum
2376 2852 2417 2893 L,

199 2940 374 2972 ffibrorum
399 2938 437 2971 F
581 2937 600 2970 7
625 2941 853 2973 amaritudine
879 2939 913 2982 (ἓ
939 2953 1028 2975 corr.
1053 2942 1089 2974 in
1116 2945 1138 2974 ῡ
1164 2941 1232 2983 P1)
1259 2940 1292 2973 P
1440 2938 1462 2973 8
1488 2939 1686 2983 pervenitur
1718 2938 1750 2969 T
1896 2935 1916 2968 9
1942 2935 2096 2978 sequitur
2120 2933 2305 2975 LMTFP,
2337 2944 2415 2965 con·

199 3020 353 3063 sequitur
378 3019 457 3062 (con
481 3032 569 3054 corr.
594 3020 631 3054 in
655 2992 731 3053 (ἑξ-1111111
751 3033 796 3054 m.
821 3021 901 3064 rec.)
923 3022 952 3055 G
1042 3023 1272 3066 quantaslibet
1292 3023 1321 3054 (J
1458 3018 1502 3053 10
1525 3021 1724 3054 tolleramus
1742 3019 1780 3052 F
1868 3018 2076 3052 recordimur
2101 3016 2133 3049 L
2275 3014 2314 3048 11
2342 3026 2415 3048 0550

199 3102 342 3145 dignare
375 3101 509 3135 domine
542 3113 630 3146 papa
659 3114 723 3135 om.
748 3102 853 3136 MOP
992 3115 1081 3147 papa
1113 3115 1176 3136 om.
1204 3103 1242 3136 F
1425 3100 1473 3151 12ο
1498 3102 1753 3144 inscriptionem
1778 3111 1841 3133 om.
1865 3099 1896 3131 T
2032 3098 2190 3131 Sidonius
2221 3097 2356 3129 domino
2387 3101 2418 3128 ec

200 3183 346 3216 salutem
369 3194 433 3215 om.
451 3182 490 3215 F
594 3189 675 3226 post
698 3184 888 3217 IVLIANO
913 3185 974 3227 legs.
1002 3185 1086 3218 SVO
1111 3185 1147 3217 in
1165 3184 1199 3217 P
1360 3182 1402 3216 13
1434 3154 1585 3216 delsereta
1608 3182 1660 3215 L¹
1786 3180 1980 3214 cummunis
2003 3179 2034 3211 L
2150 3177 2289 3210 obtabat
2311 3175 2417 3209 MFP

202 3261 246 3296 14
274 3263 412 3296 iteneris
432 3262 465 3295 L
641 3261 684 3296 15
714 3264 780 3297 nisi
803 3263 988 3306 LMTFP,
1024 3276 1094 3298 non
1120 3265 1149 3297 C
1267 3265 1462 3297 commertio
1492 3263 1558 3296 TF
1679 3262 1907 3305 frequentiore
1933 3260 1988 3301 M,
2024 3258 2039 3291 1
2071 3259 2116 3292 115
2145 3270 2172 3291 s.
2199 3259 2220 3290 l.
2247 3257 2328 3290 add.
2354 3257 2397 3289 M
2404 3257 2414 3276 ¹

203 3342 245 3377 16
277 3354 514 3377 revocaremur
545 3343 577 3376 Τ
705 3345 824 3378 saltem
848 3345 995 3386 MOFP,
1030 3346 1111 3379 satis
1143 3346 1175 3377 Τ
1302 3350 1379 3389 post
1409 3356 1472 3378 om.
1502 3345 1531 3378 O
1708 3342 1751 3376 19
1783 3343 2034 3391 supplicaturas
2067 3339 2354 3384 (supplicaturhas
2382 3338 2416 3379 C,

202 3426 223 3457 h
255 3436 344 3458 eras.
372 3423 432 3466 Οἳ)
466 3425 601 3458 Christo
633 3425 665 3457 T
663 3425 693 3458 0
816 3427 959 3470 iungitis
990 3437 1127 3470 praeces
1152 3426 1184 3459 L
1358 3424 1405 3459 20
1437 3426 1576 3459 (1011111111
1603 3425 1706 3466 C'FP,
1739 3395 1879 3457 dominil
1892 3424 1966 3465 M1,
1998 3421 2126 3455 domini
2158 3420 2194 3461 T,
2227 3419 2316 3452 domi
2349 3429 2414 3459 seq.

203 3505 310 3538 litura
335 3507 355 3537 7
369 3505 429 3537 litt.
447 3504 496 3544 L;
519 3509 782 3548 nostrorumque
807 3506 1021 3540 dominorum
1046 3506 1116 3539 Leo
1212 3511 1422 3550 conpescens
1439 3506 1493 3538 L¹
1588 3507 1790 3539 innocencia
1809 3505 1847 3538 F
1992 3501 2034 3536 21
2063 3512 2190 3534 111011101·
2213 3499 2318 3532 nostri
2343 3508 2416 3530 0550

203 3585 344 3628 dignare
369 3584 503 3617 domine
526 3596 615 3628 papa
639 3596 703 3618 om.
721 3585 872 3626 LMTP,
896 3585 956 3618 sed
972 3586 1094 3618 VALE
1119 3586 1180 3628 less.
1204 3587 1239 3618 ιή
1257 3585 1291 3617 P
1357 3597 1431 3619 esse
1456 3586 1598 3629 dignare
1615 3597 1679 3618 om.
1700 3586 1729 3618 C
1795 3584 1930 3617 domine
1955 3594 2041 3626 papa
2065 3592 2128 3614 om.
2147 3579 2185 3611 F
2295 3576 2338 3609 22
2363 3577 2413 3609 ἰη-

203 3666 418 3708 sciiptionem
452 3676 516 3697 om.
547 3664 579 3696 T
701 3665 861 3698 Sidonius
891 3671 922 3698 et
951 3667 1096 3699 salutem
1121 3678 1184 3699 om.
1204 3666 1242 3698 F
1371 3667 1492 3699 PAPA
1516 3666 1548 3699 L
1722 3663 1767 3699 23
1793 3665 1903 3709 piguit
1936 3663 1971 3707 (p
1996 3662 2077 3694 add.
2103 3660 2165 3701 T2)
2190 3659 2227 3700 T>
2256 3658 2368 3701 egstffl'
2384 3656 2416 3689 L

204 3744 249 3779 24
273 3745 418 3778 iuvenili
448 3744 508 3777 TO
645 3743 690 3777 25
714 3746 828 3779 ascitis
854 3747 895 3778 M
902 3747 1027 3780 TCFP

340 3823 512 3859 Slnomus.
2094 3817 2141 3852 20

2446 452 2469 479 ὗ

2450 797 2472 831 :z

2455 1757 2481 1795 [ὑ
