2583 4011
80 1175 113 1198 10

80 1870 114 1894 2⁰

81 2218 112 2242 25

81 2766 114 2791 30

83 3113 115 3138 35

904 221 1049 257 LIBER
1076 222 1119 262 11,
1153 222 1238 257 xm
1264 223 1283 265 g
1310 224 1331 256 s
1427 223 1491 257 xv
1518 225 1537 266 ς·
1562 225 1594 258 3.
2261 231 2341 270 323

149 341 231 382 nisi
264 340 436 382 diabolo
469 339 631 394 utiquc,
666 339 737 394 qui
770 339 1023 380 delictorum
1057 343 1100 379 et
1128 338 1325 379 incentor
1349 343 1415 378 est
1439 344 1481 379 ct
1507 338 1699 380 delator?
1753 341 1845 395 ipse
1872 343 1996 383 enim.
2031 348 2074 382 ut
2099 358 2345 398 peccemus,

150 410 345 464 instigat,
384 410 498 465 ipse,
541 422 635 448 cum
675 409 1019 463 peccaverimus,
1063 412 1252 448 accusat.
1315 413 1358 447 et
1397 407 1495 448 ideo
1528 409 1568 449 in
1602 410 1877 451 confessione
1911 412 2130 453 criminum
2164 428 2188 454 a
2222 415 2344 454 nobis

149 479 450 534 praeveniatur
481 478 523 518 in
557 478 748 527 saeculo,
781 483 827 518 ut
861 483 1011 518 contra
1044 491 1121 517 nos
1155 491 1238 517 non
1275 477 1433 518 habeat
1466 477 1578 532 quod
1612 479 1799 534 proferat
1837 481 1875 520 in
1909 482 2065 522 futuro.

1189 684 1312 727 XIV.

185 787 568 831 BEATISSIMIS
602 786 678 828 ΕΤ
711 787 773 828 ΙΝ
808 787 1068 830 CIIRISTO
1102 788 1596 830 VENssltAlnLllws
1631 790 1969 832 Flm'rltlm's
2004 791 2316 834 muciam«)

522 856 597 898 ΕΤ
630 856 836 897 vibice
872 857 1283 899 i’nlcsssv'rssltls
1317 858 1604 900 lttssltlfflt's
1638 859 1978 902 Erlscol'US.

291 934 548 1007 QUAMLmE‘r
588 955 758 996 litteras
798 955 1077 996 fraternitatis
1114 960 1285 997 vestrae
1324 970 1403 1011 per
1440 956 1748 999 subdiaconem
1783 957 2089 1015 Contemptum
2130 974 2214 1000 non
2254 975 2350 1015 pcr-

149 1025 351 1082 ceperim,
384 1030 530 1066 tamen
563 1024 641 1065 has
675 1038 757 1079 ego
790 1038 839 1065 ac
872 1039 949 1079 per
980 1025 1120 1080 ipsum
1144 1025 1197 1066 ad
1222 1039 1309 1077 vos,
1343 1027 1500 1067 affectu
1525 1027 1771 1082 instigante,
1804 1027 1956 1079 direxi,
1991 1033 2037 1069 ut
2067 1033 2110 1069 et
2133 1028 2348 1070 desiderio

151 1095 450 1137 satisfacerem
475 1098 518 1135 et
547 1092 762 1134 scribendi
796 1092 958 1134 aditum
990 1094 1108 1149 prius
1140 1094 1254 1148 prior
1285 1098 1434 1149 utpote
1469 1097 1778 1150 patefacerem,
1812 1111 1865 1138 nc
1900 1098 1940 1138 in
1975 1103 2196 1153 posterum
2232 1099 2350 1139 locus

150 1165 467 1219 relinqueretur
509 1163 778 1205 excusationi
822 1168 865 1204 et
908 1177 975 1204 res
1007 1163 1244 1204 voluntatis
1286 1163 1553 1205 diffidentiae
1592 1170 1635 1206 et
1668 1165 1956 1207 verocundiae
1991 1182 2089 1207 esse
2123 1168 2351 1210 diceretur.

153 1234 337 1275 salutem
370 1234 515 1288 itaque
549 1233 592 1273 in
627 1232 800 1273 Christo
833 1232 1006 1273 domino
1039 1233 1268 1288 plurimam
1302 1233 1396 1274 dico
1432 1235 1690 1276 beatitudini
1724 1242 1896 1277 vestrae
1930 1241 1973 1277 et
2003 1252 2150 1292 spero,
2191 1243 2237 1277 ut
2270 1252 2351 1278 me.

149 1303 262 1345 sicut
309 1302 436 1344 decet
483 1302 803 1343 ecclesiasticos
843 1302 979 1353 viros,
1027 1316 1113 1342 non
1156 1302 1283 1343 labiis
1337 1302 1413 1344 sed
1461 1303 1587 1345 corde
1631 1304 1818 1358 diligatis
1865 1310 1908 1346 ct
1954 1305 2007 1346 de
2055 1320 2122 1346 me
2169 1307 2349 1347 caritate

151 1372 339 1427 (sincera
370 1371 483 1413 malo
517 1385 644 1426 quam
668 1371 870 1426 pristina)
904 1370 1049 1413 dicere
1072 1372 1384 1426 praesumatis;
1418 1373 1532 1427 quia,
1567 1373 1602 1413 si
1627 1374 1700 1414 illa
1722 1375 1879 1415 fuisset
1903 1389 2019 1423 vcra,
2053 1381 2352 1431 permanserat

151 1447 213 1494 et,
255 1442 290 1483 si
320 1442 476 1483 fuisset
507 1446 675 1492 mutua,
718 1445 884 1482 mutata
917 1455 1003 1482 non
1035 1441 1190 1482 fuerat.
1252 1455 1277 1482 a
1309 1442 1431 1483 cuius
1464 1446 1608 1484 tamen
1642 1442 1773 1484 fuerit
1806 1448 1927 1499 parte
1961 1449 2145 1488 mutata.
2179 1450 2221 1485 ct
2253 1460 2352 1485 con-

105 1530 112 1543 »
151 1511 362 1553 scientiae
404 1515 578 1552 nostrae
616 1511 817 1552 noverint
857 1514 900 1551 et
940 1510 1303 1551 conscientiarum
1337 1512 1535 1566 cognitor
1568 1512 1661 1552 sine
1694 1518 1910 1554 assertore
1942 1514 2183 1567 cognoscit,
2226 1529 2352 1569 quem

152 1595 233 1637 ego
266 1585 424 1623 testem
457 1580 642 1622 adhibeo
676 1580 937 1635 professioni
970 1594 1108 1631 meac,
1142 1594 1223 1621 nec
1256 1580 1309 1622 de
1342 1581 1464 1621 initio
1499 1581 1730 1622 simultatis
1763 1596 1831 1623 me
1865 1596 1962 1624 csse
1987 1583 2248 1638 ‹eeiilpabilcm
2273 1598 2353 1624 nco.

149 1652 192 1692 in
225 1651 351 1692 corde
383 1665 479 1691 meo
511 1650 610 1692 inde
642 1649 843 1705 quicquid
876 1654 1020 1691 actum
1053 1654 1118 1691 est
1146 1649 1362 1692 dictumve
1386 1650 1615 1703 resedisse,
1647 1652 1747 1706 quia
1771 1653 1858 1693 scio
1882 1653 2006 1694 nobis
2029 1654 2082 1694 ab
2108 1658 2285 1695 aeterno
2309 1659 2351 1693 et

149 1735 253 1763 vero
286 1721 427 1762 iudice
461 1720 637 1772 dictum,
671 1720 786 1776 quod
818 1721 901 1761 nisi
935 1735 989 1761 cx
1014 1720 1144 1762 corde
1168 1720 1458 1762 dimiserimus
1481 1721 1703 1773 fratribus,
1740 1722 1867 1763 nobis
1891 1722 2049 1764 dimitti
2073 1737 2158 1763 non
2182 1722 2354 1765 debeat.

151 1791 323 1832 habetis
359 1790 504 1845 itaque
543 1791 822 1846 sponsionem
863 1804 1026 1842 meam,
1071 1790 1239 1832 reddite
1284 1791 1390 1832 mihi
1421 1791 1549 1833 fidem
1581 1796 1792 1844 vestram,
1834 1793 1936 1847 quia
1967 1793 2007 1832 in
2041 1793 2229 1848 epistula
2260 1807 2356 1834 mea

150 1860 301 1916 procul
332 1858 464 1901 dubio
488 1859 706 1901 vinculum
729 1859 842 1914 quod
867 1860 1086 1915 elegeritis
1116 1860 1334 1901 habebitis
1358 1865 1432 1901 aut
1455 1861 1659 1912 caritatis,
1694 1860 1808 1916 quod
1833 1860 2067 1902 salubriter
2089 1862 2355 1918 constringat

153 1935 196 1971 et
227 1929 466 1980 custodiat,
501 1933 576 1970 aut
607 1929 839 1985 perfidiae,
873 1929 987 1985 quod
1020 1930 1298 1984 culpabiliter
1328 1930 1523 1972 innectat
1556 1935 1599 1971 et
1631 1931 1798 1987 perdat.
1862 1946 1941 1972 nec
1973 1932 2075 1972 mihi
2108 1932 2270 1987 aliquid
2303 1932 2355 1973 de

152 1999 313 2042 iudicio
345 1999 499 2055 prioris
532 2000 739 2055 temporis
773 1999 1008 2055 imputetis,
1049 2000 1150 2055 quia
1183 1999 1445 2041 definitionis
1479 2015 1602 2042 meae
1637 2005 1704 2041 est
1735 2001 1777 2041 in
1810 2001 2009 2042 amicitiis
2043 2016 2217 2043 servare
2250 2016 2352 2042 con—

153 2068 342 2110 cordiam
376 2072 420 2110 et
452 2069 495 2109 in
527 2069 699 2110 iudiciis
733 2074 883 2111 tenere
917 2083 1156 2112 censuram.
1219 2069 1325 2111 illud
1359 2070 1489 2111 ctiam
1522 2071 1787 2126 peculiarius
1820 2070 2012 2125 gaudeo,
2053 2071 2165 2126 quod
2198 2085 2275 2111 vos
2315 2072 2355 2111 in

154 2140 366 2194 integram
400 2138 545 2180 domni
578 2143 621 2180 et
651 2140 800 2180 fratris
833 2140 918 2181 mei
950 2140 1291 2181 familiaritatem
1323 2139 1490 2181 redisse
1524 2140 1722 2194 cognovi.
1776 2145 1990 2196 superest,
2024 2146 2071 2181 ut
2101 2140 2215 2194 quod
2244 2140 2357 2181 illius

150 2209 193 2250 in
225 2209 337 2250 bono
370 2208 522 2249 tribuit
553 2209 705 2264 gratia,
740 2212 886 2250 vestra
917 2209 959 2249 in
991 2208 1164 2250 domino
1197 2208 1414 2250 custodiat
1445 2209 1700 2264 insequella.

1202 2417 1304 2460 xv.

257 2518 537 2561 DOMINAE
569 2519 948 2561 VENERABILI
979 2520 1055 2562 ΕΤ
1087 2521 1151 2563 IN
1184 2521 1445 2564 CHRISTO
1477 2521 1716 2564 DOMINO
1748 2490 2258 2564 MAGNIFICANDAE

607 2589 812 2631 FILIAE
847 2589 1200 2633 OERAUNIAE
1235 2591 1523 2634 RURICIUS
1555 2591 1898 2633 EPISCOPUS.

295 2667 384 2729 UT
416 2688 627 2743 pictorem
659 2687 782 2729 vobis
814 2692 945 2730 antea
976 2704 1061 2731 non
1094 2692 1457 2741 transmitterem,
1497 2691 1606 2732 haec
1640 2706 1710 2732 res
1743 2691 1865 2743 fecit,
1907 2691 2007 2746 quia
2039 2691 2227 2732 adventu
2260 2691 2358 2731 novi

150 2756 304 2798 iudicis
337 2761 379 2797 te
412 2761 669 2812 occupatam
701 2771 798 2798 esse
832 2758 995 2800 credidi
1027 2764 1157 2815 atque
1191 2760 1250 2801 ita
1281 2760 1553 2812 deterritam,
1595 2764 1642 2801 ut
1680 2759 1733 2801 de
1777 2760 1843 2801 his
1882 2760 2012 2801 rebus
2052 2761 2241 2815 cogitare
2274 2775 2359 2801 non

151 2840 323 2882 posses:
358 2825 434 2867 sed
458 2826 558 2881 quia
590 2826 669 2867 deo
700 2827 888 2882 propitio
922 2842 998 2869 vos
1032 2832 1074 2869 et
1105 2829 1261 2870 litteris
1295 2834 1338 2871 et
1370 2830 1580 2872 relatione
1614 2834 1855 2871 vestrorum
1890 2844 1944 2871 ex
1978 2831 2196 2872 sententia
2227 2844 2357 2885 agere

152 2910 201 2937 ac
233 2896 378 2937 valere
412 2896 608 2951 cognovi,
642 2896 905 2939 salutatione
937 2898 1145 2953 praelata,
1185 2899 1411 2954 pictorem,
1451 2899 1690 2954 quamlibet
1721 2899 1789 2940 hic
1822 2904 1942 2941 esset
1974 2904 2224 2955 occupatus,
2266 2914 2360 2940 cum

151 2965 363 3020 discipulo
397 2964 630 3018 destinavi,
670 2966 771 3021 quia
800 2967 934 3008 malui
966 2982 1091 3010 meae
1124 2968 1354 3010 detrahere
1386 2969 1662 3021 necessitati,
1705 2969 1820 3010 unde
1853 2974 2026 3011 vestrae
2059 2970 2359 3011 satisfacerem

151 3034 363 3090 petitioni.
417 3034 494 3076 sed
526 3035 628 3090 quia
661 3040 704 3076 et
735 3037 1004 3092 propositum
1035 3042 1229 3079 vestrum
1263 3043 1306 3079 et
1327 3043 1525 3080 nostrum
1547 3039 1687 3094 poscit
1709 3039 1909 3089 officium,
1943 3038 2010 3079 his
2034 3039 2359 3080 venerationem

152 3108 343 3145 vestram
379 3104 531 3159 paucis
574 3118 749 3165 monere
789 3107 1081 3162 praesumpsi,
1123 3114 1170 3148 ut
1208 3121 1264 3149 ex
1305 3122 1436 3163 opere
1481 3108 1595 3148 illius
1639 3107 1693 3149 ad
1725 3108 1940 3163 agendam
1972 3109 2283 3164 paenitentiam
2317 3113 2361 3149 et

152 3187 264 3214 nova
301 3174 401 3215 novi
440 3173 625 3215 hominis
664 3175 929 3217 vestimenta
972 3176 1184 3218 sumenda
1225 3178 1373 3233 capias
1415 3179 1684 3233 exemplum,
1729 3192 1812 3232 quo
1850 3178 2021 3218 facilius
2062 3178 2104 3218 in
2146 3182 2188 3219 te
2220 3177 2360 3218 Adam

151 3246 349 3284 vetustus
390 3243 579 3284 intereat
620 3248 663 3285 et
702 3245 940 3286 vivificator
978 3250 1204 3301 exsurgat;
1246 3247 1609 3303 quemadmodum
1655 3247 1727 3288 ille
1770 3247 1959 3303 parietes
1996 3247 2126 3288 variis
2171 3247 2359 3288 colorum

295 3403 339 3437 18
363 3403 475 3439 Marc,
501 3403 564 3446 XI,
589 3405 644 3439 26.

292 3495 311 3528 1
337 3497 544 3530 delectorum
567 3498 596 3530 G
723 3497 745 3532 9.
770 3499 936 3543 instingat
956 3499 1007 3531 G¹
1134 3498 1153 3532 ’ἲ
1179 3501 1450 3535 subsidiaconem
1473 3502 1502 3534 G
1582 3502 1782 3534 contimtum
1806 3500 1835 3531 G
1913 3498 2130 3543 perceperim]
2153 3499 2362 3542 Liiv‘ohann,

152 3553 359 3596 perciperem
383 3554 413 3586 G
552 3554 574 3587 8
600 3567 680 3599 ergo
703 3557 732 3588 G
870 3557 891 3589 9
916 3558 1067 3591 scibendi
1093 3559 1244 3590 auditum
1266 3558 1370 3601 (corr.
1387 3560 1517 3592 aditum
1539 3559 1606 3600 G1)
1633 3560 1663 3591 (τ’
1796 3558 1836 3590 11
1864 3558 2012 3600 plurimu
2033 3557 2062 3589 G
2195 3556 2237 3589 13
2259 3557 2361 3589 mallo

154 3615 223 3653 qua
244 3611 284 3653 G,
308 3612 343 3643 in
362 3612 511 3654 alloquio
531 3612 690 3645 Gan-isius
816 3613 858 3647 14
884 3614 1013 3657 mutua]
1033 3615 1244 3658 Liiljolcama
1270 3623 1398 3650 mutata
1418 3618 1448 3649 G
1575 3619 1617 3650 16
1643 3617 1810 3651 simulatis
1831 3616 1860 3648 G
1987 3613 2028 3646 17
2055 3612 2146 3656 inde]
2165 3614 2363 3655 Mommsen,

154 3669 195 3701 de
224 3668 253 3700 G
394 3667 437 3701 18
462 3669 696 3703 demiserimus
717 3672 747 3703 G
885 3671 929 3704 ‘24
954 3671 1082 3715 domni]
1109 3674 1138 3704 G
1277 3673 1322 3706 25
1347 3675 1527 3717 insequilla
1549 3676 1578 3708 G
1596 3688 1665 3718 pro
1691 3673 1876 3715 obsequela
2015 3670 2057 3703 Ξῖ
2085 3673 2361 3715 magnificandae

152 3737 240 3758 corr.
267 3726 516 3774 magnificande
542 3728 590 3759 G¹
769 3728 814 3762 29
848 3742 901 3763 res
934 3729 1026 3773 fecit]
1053 3731 1215 3774 Basnaye
1242 3733 1339 3772 coni.y
1374 3734 1490 3766 refecit
1519 3734 1548 3765 G
1721 3732 1766 3766 30
1796 3731 1886 3763 credi
1915 3731 1944 3762 G'
2119 3728 2161 3762 31
2196 3732 2304 3774 POSSiS
2333 3731 2362 3763 G

153 3780 198 3815 32
222 3781 316 3826 cum]
342 3794 420 3815 eum
449 3783 478 3815 G
616 3783 660 3817 34
685 3787 857 3829 petitionis
885 3788 915 3819 G
1054 3787 1097 3820 37
1125 3789 1253 3821 interea
1283 3790 1312 3823 G

2009 3867 2083 3901 41*

2398 1240 2421 1276 bb

2423 348 2460 392 (ἶ
