2583 4011
214 237 325 268 xxlv

996 220 1270 258 PRAEFATIO
1296 220 1350 254 IN
1376 218 1614 254 SIDONIVM

256 363 292 403 p.
342 348 466 387 >1221
507 358 633 399 quam
677 340 831 395 nollesl
873 353 999 395 quam
1038 337 1152 378 uillis
1199 336 1294 377 Ze'brt'
1337 334 1451 383 bont,
1496 347 1623 387 quam
1668 333 1810 373 nullus
1857 331 1982 373 miles
2025 331 2218 383 ‘optimus
2261 329 2400 371 codeoe’

519 410 748 453 ll'oeccrcm'

424 484 476 520 25
510 478 655 534 elutis]
690 477 874 520 evolutis

423 552 475 590 213
510 545 768 601 rorantibus]
803 543 1108 599 anginantibus

257 640 294 680 p.
343 626 479 664 >iaz-23
504 626 599 674 pos!
639 620 813 661 historia
845 618 966 659 «M..-
1009 617 1120 658 filios
1161 615 1215 657 de
1253 614 1492 670 proditione
1532 612 1792 654 meditantes
1829 611 1978 652 Iunius
2017 610 2179 651 Brutus
2219 610 2400 651 occidit:

255 1533 291 1573 p.

256 1681 293 1722 Ῥ

257 1904 296 1944 P.

341 2104 406 2142 96.
455 2103 476 2112 ”

512 691 587 732 sed
610 691 688 731 fuit
715 687 932 744 parricidii
956 686 1141 741 pretium
1165 684 1428 726 consulatus.
1490 681 1694 723 Manilius
1717 680 1817 734 (sio)
1839 679 2083 734 Torquatus
2107 679 2255 730 filium,
2288 678 2404 734 quod

511 759 676 799 hostem
710 759 1018 811 provocantem
1050 767 1134 794 non
1165 767 1210 794 se
1234 751 1514 807 permittente
1536 752 1829 805 provocasset,
1864 747 2007 788 securi
2027 747 2191 788 lictoris
2215 746 2402 788 addixit:

511 826 586 868 sed
619 839 819 881 pompam
851 822 1055 878 triumphi
1088 835 1163 877 pro
1198 819 1396 861 mercede
1429 817 1694 860 crudelitatis
1725 816 1992 872 populariter
2020 814 2279 870 impetravit.
2323 815 2403 856 tibi

511 910 609 936 vero
640 908 749 935 nunc
782 907 806 934 a
836 891 1030 933 barbaris
1071 890 1207 931 odiosi
1239 889 1403 930 faceret
1433 887 1618 929 Romani
1649 886 1834 927 nominis
1866 899 1999 927 amor,
2031 887 2258 940 postquam
2289 884 2403 925 filius

510 964 702 1004 sublatus
734 966 799 1002 est
831 959 1015 1002 colludio
1047 959 1335 1009 factiosorum,
1369 956 1558 998 maluisti
1591 955 1727 1010 magis
1759 959 1802 996 te
1833 954 1971 995 civem
1995 952 2246 994 meminisse
2275 966 2405 1008 quam

515 1038 692 1087 patrem.
726 1044 805 1071 nec
837 1028 911 1070 tibi
944 1028 1096 1080 obfuita
1131 1027 1232 1081 quin
1265 1040 1386 1067 esses
1418 1025 1528 1067 liber
1561 1028 1675 1065 statu
1707 1023 1888 1077 (statum
1919 1021 2080 1077 Wom),
2114 1021 2229 1076 quod
2252 1024 2403 1077 captus

511 1115 606 1142 eras
629 1112 744 1154 (eras
766 1102 915 1153 eaptus
940 1096 1084 1151 lVow.)
1110 1096 1282 1145 affectu,
1315 1097 1466 1136 eontra
1496 1097 1672 1149 gentem
1694 1093 1880 1134 vicinam
1902 1090 2089 1133 validam
2110 1090 2277 1131 iratam.
2308 1103 2405 1131 cum

511 1168 686 1209 Ecdicio
720 1166 927 1221 (hecditio
958 1164 1072 1218 Sar.)
1104 1178 1201 1204 meo
1234 1178 1319 1204 non
1348 1163 1558 1205 audacter
1589 1176 1709 1203 arma
1739 1161 1914 1202 movisti
1946 1174 2026 1202 nee
2057 1160 2222 1201 veritus
2256 1174 2317 1211 es,
2350 1173 2405 1201 ne

509 1238 619 1278 filius
661 1241 759 1277 tuus
802 1235 885 1275 iam
928 1248 1063 1289 prope
1107 1232 1296 1284 iuvenis,
1336 1231 1476 1272 adhue
1508 1245 1642 1286 prope
1674 1230 1850 1282 unicus,
1888 1232 2065 1285 propter
2097 1228 2197 1269 victi
2234 1228 2405 1283 fusique

511 1306 643 1346 hostis
677 1305 711 1345 si
742 1318 828 1345 non
861 1304 987 1354 iram,
1030 1302 1183 1343 saltem
1224 1300 1531 1342 verecundiam
1574 1299 1895 1355 periclitaretur
1932 1298 2002 1351 (de
2039 1296 2105 1338 his
2143 1297 2190 1338 in
2220 1296 2319 1338 adn.
2349 1296 2409 1338 ad

502 1379 640 1426 praes.
675 1373 833 1414 remisit
864 1370 1151 1424 Luetjolemm)

425 1445 476 1483 215
509 1443 681 1484 natione
713 1438 1047 1496 foederatorum]
1082 1438 1345 1480 Ricimerem
1378 1452 1401 1479 e
1434 1438 1608 1478 natione
1639 1436 1962 1479 foederatorum

341 1520 477 1558 55.17
511 1517 723 1570 Vitruvio]
758 1517 921 1558 veturio

341 1596 406 1633 oo.

343 1670 409 1709 ol.
455 1675 464 1684 ⁵

344 1744 410 1786 So,

259 1830 295 1870 p.
343 1817 365 1849 ’ἶ
400 1848 407 1857 .

344 1891 409 1940 si,
455 1892 476 1928 ‘s

458 1623 465 1631 .
512 1589 862 1647 praeparaturus]
897 1593 1207 1646 properaturus

512 1666 789 1707 oboedientes
822 1668 1091 1720 patronoque
1124 1661 1336 1718 contenti]
1372 1663 1551 1703 clientes
1585 1665 1765 1716 patrono
1800 1661 1990 1702 contenti

460 1771 471 1781 ι
514 1741 680 1781 Atticas
712 1738 849 1795 leges]
885 1739 1082 1794 antiquas
1115 1739 1236 1793 leges

512 1812 857 1870 indolatilesque]
892 1814 1187 1868 indocilesque

511 1902 607 1929 nam
641 1892 714 1928 tua
746 1886 905 1942 scripta
936 1890 1174 1927 nostrorum
1206 1885 1320 1926 vitiis
1353 1884 1674 1939 proficientibus
1708 1885 2126 1940 tyrannopolitarum
2163 1883 2407 1939 locupleta-

514 1954 687 2010 buntur]
730 1969 827 1995 nam
874 1954 1040 2009 reliqua
1079 1958 1152 1995 tua
1197 1954 1358 2008 scripta
1396 1957 1641 1994 nostrorum
1681 1954 2100 2008 tyrannopolitarum
2146 1953 2248 1994 felle
2288 1952 2407 1993 loeu-
2463 1962 2466 1963 ’

516 2025 797 2081 pletabuntur

510 2100 620 2140 duae
666 2099 826 2154 pariter
871 2098 1025 2153 plagae
1070 2101 1267 2139 recentes
1315 2097 1368 2138 ad
1411 2097 1601 2138 diuturni
1641 2097 1802 2137 viduvii
1848 2097 2002 2137 vulnus
2044 2096 2277 2150 adduntur]
2323 2095 2407 2136 duo

515 2168 703 2209 recentia
734 2167 912 2208 vulnera
943 2167 995 2208 ad
1027 2167 1327 2222 antiquitatem
1359 2165 1579 2207 viduitatis
1613 2166 1780 2207 adiecta
1812 2170 1913 2207 sunt

258 2259 295 2299 p.
323 2247 411 2286 11³3.
460 2247 480 2283 4
516 2244 556 2283 in
589 2242 847 2284 Rhodanum
879 2242 1048 2296 Ligeris
1081 2239 1221 2297 alveo]
1256 2245 1300 2282 et
1332 2241 1456 2282 alveo
1489 2241 1636 2295 ligeris
1668 2241 1710 2281 in
1744 2240 1955 2282 rodanum
1987 2255 2081 2281 cum
2111 2240 2239 2282 FM2

261 2334 298 2373 p.
326 2322 413 2359 108.
460 2321 603 2369 §post
644 2317 853 2358 adventus
891 2317 950 2356 tui
989 2316 1112 2356 mdclx
1159 2330 1360 2357 numeres
1399 2315 1569 2356 indultu
1610 2320 1653 2357 et
1700 2316 1810 2356 inter
1849 2320 1990 2357 tantos
2035 2319 2177 2357 motus
2220 2316 2409 2371 partium

517 2386 793 2427 factiosarum
825 2384 1096 2426 laborantem
1137 2400 1203 2426 me
1245 2385 1613 2439 fluctuantemque
1647 2384 1826 2426 consilio
1867 2385 2094 2426 confirmes
2128 2385 2310 2440 collegio
2342 2385 2407 2425 in-

516 2454 674 2494 formes
1524 2454 1528 2457 ’

264 2537 302 2577 p.
328 2525 415 2562 1⁴⁸9.
463 2524 486 2561 2
520 2521 639 2561 istius
672 2520 916 2576 haereseos]
953 2522 1076 2562 istius
1109 2522 1220 2562 aeris
1252 2521 1350 2561 mm·
1379 2522 1524 2571 nostri,
1558 2520 1682 2562 istius
1715 2536 1815 2563 orae
1847 2525 1927 2573 opt.
1960 2522 2046 2563 cod.
2078 2521 2143 2564 W.

264 2611 301 2651 p.
329 2600 414 2635 lle.
443 2598 487 2634 1ss
519 2596 663 2649 quanti
698 2595 889 2650 subrepti
925 2594 1037 2651 sunt]
1069 2596 1128 2636 sie
1158 2610 1233 2636 nos
1264 2610 1313 2637 (3413
1343 2596 1462 2646 coms„
1495 2600 1652 2650 quanto
1687 2596 1764 2637 sub
1799 2600 1890 2638 rete
1924 2597 2118 2652 premitis
2151 2611 2244 2638 cum
2280 2596 2318 2639 C

263 2686 299 2725 p.
325 2674 362 2710 11
384 2673 413 2710 1,
441 2671 478 2708 11
518 2670 629 2709 fame
663 2668 878 2724 concolor]
915 2670 1212 2711 famelicorum

264 2754 289 2863 ὌὌ

266 3221 417 3272 [ι.1ῑ1.

296 2772 302 2779 .
331 2741 417 2778 112.
437 2740 488 2779 28
521 2736 736 2792 decorem]
773 2752 971 2792 pompam

296 2842 302 2848 .
328 2811 414 2848 116.
466 2811 477 2847 1
518 2807 591 2848 scd
624 2807 762 2847 dicitis
796 2808 884 2847 viro
906 2806 1168 2848 Eucherium
1201 2811 1243 2848 et
1263 2808 1561 2863 Pannychium
1592 2808 1795 2850 inlustres
1829 2808 1978 2849 haberi
2005 2808 2265 2863 snperioreS,
2296 2807 2410 2863 quod

521 2876 726 2916 hactenus
760 2890 833 2915 eos
867 2879 959 2915 esto
991 2879 1184 2929 putatos,
1225 2875 1300 2916 sed
1341 2881 1616 2931 praesentem
1656 2877 1740 2918 iam
1783 2876 1910 2918 modo
1951 2877 2005 2918 ad
2046 2892 2222 2918 causam
2259 2877 2322 2918 illi
2354 2891 2411 2918 ex

522 2958 682 2984 canone
717 2958 797 2983 non
831 2942 1119 2999 requiruntur]
1162 2944 1238 2985 sed
1271 2944 1430 2985 dicitis:
1476 2945 1664 2986 illustres
1698 2945 1778 2986 viri
1810 2945 2054 2987 Eucherius
2088 2950 2131 2987 et
2162 2945 2409 3001 Panychius

521 3013 681 3067 priores
704 3012 802 3053 huic
825 3017 922 3053 sunt
953 3013 1005 3053 ad
1029 3013 1106 3054 hoc
1129 3013 1235 3054 aevi.
1276 3018 1387 3054 esto:
1423 3014 1484 3055 sic
1508 3014 1693 3057 fuerunt.
1717 3015 1794 3056 sed
1816 3015 1900 3055 iam
1924 3028 2036 3055 nune
2058 3014 2112 3055 ad
2132 3018 2410 3069 praesentem

522 3095 695 3121 causam
727 3081 785 3120 illi
819 3095 873 3122 ex
907 3095 1067 3122 canone
1101 3096 1181 3122 non
1215 3081 1500 3123 admittuntur

472 3152 481 3188 1
519 3155 653 3190 certat
686 3153 837 3190 natura
869 3148 1106 3205 doetrinae]
1143 3165 1238 3191 cum
1271 3151 1508 3192 acrimonia
1540 3151 1726 3192 naturali
1759 3155 1897 3192 certat
1929 3152 2148 3206 eloquium

471 3219 482 3255 1
521 3216 720 3272 cunctim]
756 3218 988 3258 cunctatim

267 3301 303 3339 p.
332 3287 487 3324 1531.1·2
519 3284 806 3341 Taionnacus]
841 3287 1005 3328 sabrina
1037 3291 1176 3328 castra
1208 3288 1356 3329 uincus

267 3368 305 3407 p.
329 3356 401 3392 110
426 3367 460 3393 v,
483 3356 532 3391 15
565 3354 651 3394 olet
683 3352 851 3409 catillis]
885 3356 971 3395 olet
1003 3356 1166 3396 catenis
1199 3355 1295 3397 libra
1326 3358 1472 3407 nostri,
1507 3357 1624 3398 olent
1657 3357 1808 3398 ahenis
1841 3360 1920 3410 opt.
1951 3356 2035 3397 cod.
2067 3356 2129 3398 W.

269 3435 308 3475 p.
335 3424 420 3461 113.

469 3423 481 3461 ἶ.
524 3420 743 3477 vindicari]
777 3422 992 3463 iudicatur

266 3503 304 3542 p.
332 3490 420 3527 161.
469 3492 491 3528 5
526 3489 777 3545 oxygarum]
812 3491 990 3545 exiguas

269 3555 417 3607 (κΥΙΙ,
439 3559 513 3595 1515
546 3565 587 3596 tc
621 3556 748 3613 teste]
782 3563 823 3599 te
857 3560 987 3614 stirpe

225 3624 404 3665 Pcrraro
445 3639 498 3665 ex
532 3624 680 3665 codem
713 3625 818 3666 libro
846 3627 1081 3668 afferuntur
1117 3628 1252 3682 proba
1284 3632 1327 3670 et
1359 3628 1613 3683 singularia,
1654 3632 1700 3669 ut
1736 3630 1826 3679 133,
1857 3631 1881 3669 2
1920 3629 1981 3681 (se
2018 3628 2168 3680 liquat,
2208 3644 2304 3671 cum
2337 3630 2407 3683 L),

227 3707 259 3731 c.
284 3691 338 3731 Il.
362 3694 439 3731 327
462 3693 626 3745 (senio).
674 3694 878 3749 pleraque
913 3710 1021 3750 quae
1056 3697 1348 3737 recensuimus
1379 3696 1724 3751 interpolationis
1752 3697 2073 3739 audacissimae
2101 3699 2290 3752 speciem
2322 3703 2409 3739 tam
