2583 4011
1091 171 1271 207 SIDONII
1297 172 1558 208 CARMINUM

210 183 233 221 N)

239 183 261 220 25!

267 184 290 221 ..8⁵—

761 294 803 330 et
834 293 877 330 te
910 288 1100 330 earmina.
1132 301 1210 343 per
1240 286 1473 328 libidinosa

761 362 924 401 notum.
963 357 1081 398 Naso
1121 360 1257 401 tener,
1295 355 1540 411 Tomosque
1578 355 1770 406 missum,

671 437 719 460 1⁶²0
763 426 978 481 quondam
1011 425 1254 467 Caesareae
1286 425 1412 466 nimis
1445 424 1616 480 puellae

762 496 861 536 ficto
894 496 1066 536 nomine
1101 494 1317 536 subditum
1351 492 1594 535 Corinnae?

762 563 863 619 quid
897 564 1036 605 celsos
1071 563 1260 604 Senecas
1294 563 1446 617 loquar
1478 562 1546 603 vel
1578 561 1697 602 illum

763 647 890 688 quem
923 633 996 674 dat
1027 632 1199 673 Bilbilis
1232 632 1321 673 alta.
1353 631 1610 679 Martialem,

765 708 975 743 terrarum
1007 701 1234 753 indigenas
1265 699 1598 741 Hibericarum?

675 783 721 806 ¹··=?·
766 772 869 827 quid
901 786 1006 827 quos
1039 770 1281 827 duplicibus
1313 771 1461 825 iugata
1492 769 1631 811 taedis

763 840 1022 895 Argentaria
1057 840 1238 896 pallidat
1268 844 1448 895 poetas?

764 911 864 965 quid
897 911 1054 952 multos
1089 910 1194 951 varii
1227 909 1314 950 stili
1345 909 1572 950 retexam?

763 980 917 1035 arguti,
949 979 1101 1031 teneri,
1132 992 1303 1034 graves,
1337 977 1522 1029 dicaces,

765 1051 799 1090 si
834 1049 1096 1091 Consentius
1129 1048 1263 1100 affuit,
1295 1047 1506 1089 latebant.

675 1127 722 1151 ¹10
827 1118 940 1159 Huic
973 1117 1127 1159 summi
1159 1116 1321 1172 ingenii
1355 1116 1444 1156 viro
1478 1115 1689 1169 simulque

766 1201 959 1229 summae
992 1186 1230 1227 nobilitatis
1264 1189 1393 1240 atque
1425 1184 1587 1225 formae

768 1257 912 1298 iuncta
951 1261 1018 1298 est
1056 1255 1230 1306 femina,
1273 1268 1384 1310 quae
1422 1253 1596 1294 domum
1636 1251 1687 1293 ad
1728 1250 1869 1292 mariti

766 1326 898 1381 prisci
931 1325 1116 1380 insignia
1146 1324 1413 1365 transferens
1446 1322 1584 1364 Iovini

768 1395 967 1451 implevit
997 1393 1161 1435 trabeis
1192 1393 1328 1434 larem
1361 1392 1598 1448 sophistae.

677 1473 723 1496 ¹7³
770 1464 828 1504 sic
860 1464 973 1504 intra
1005 1462 1200 1518 proprios
1233 1462 1312 1503 tibi
1344 1464 1541 1517 penates,

768 1533 991 1584 Consenti,
1022 1532 1189 1588 patriae
1221 1531 1355 1573 decus
1390 1530 1639 1586 superbum,

766 1602 890 1643 fastis
924 1601 1027 1642 vivit
1059 1615 1165 1641 avus
1196 1604 1406 1656 paterque
1439 1599 1574 1640 libris.

832 1670 954 1711 Haec
987 1684 1066 1726 per
1099 1672 1329 1710 stemmata
1360 1672 1403 1709 te
1437 1668 1541 1709 satis
1572 1672 1810 1723 potentem.

770 1753 936 1780 morum
970 1738 1154 1780 culmine
1188 1737 1264 1779 sed
1298 1737 1598 1793 potentiorem,

679 1818 727 1841 1³0
770 1822 856 1849 non
888 1808 1053 1863 possim
1084 1807 1238 1849 merita
1271 1820 1424 1848 sonare
1456 1806 1597 1858 laude,

769 1892 849 1919 nec
883 1877 919 1918 si
950 1891 1019 1918 me
1053 1876 1238 1931 Odrysio
1272 1889 1432 1917 canens
1465 1875 1509 1916 in
1541 1879 1676 1927 antro,

771 1961 855 2002 qua
887 1947 982 1997 late,
1005 1945 1324 2001 trepidantibus
1356 1945 1531 1986 fluentis

771 2019 918 2057 cautes
950 2029 1030 2070 per
1062 2014 1270 2056 Ciconum
1302 2015 1485 2056 resultat
1514 2014 1707 2066 Hebrus,

771 2086 970 2141 princeps
1002 2084 1263 2125 instituisset
1294 2084 1367 2125 ille
1399 2087 1560 2135 vatum,

681 2163 727 2187 185
772 2168 867 2195 cum
900 2153 1050 2195 dulces
1087 2153 1277 2195 animata
1307 2167 1414 2194 saxa
1450 2151 1636 2193 chordae

770 2223 934 2265 ferrent
964 2236 1041 2278 per
1070 2221 1312 2278 Rhodopen
1344 2221 1543 2263 trahente
1577 2225 1705 2262 cantu

772 2295 817 2333 et
848 2305 974 2333 versa
1006 2292 1097 2333 vice
1130 2291 1323 2333 fontibus
1356 2291 1501 2346 ligatis

773 2364 911 2402 terras
944 2374 1117 2402 currere
1151 2364 1358 2415 cogerent
1389 2360 1581 2410 anhelas,

773 2443 854 2471 nec
886 2444 970 2471 non
1001 2429 1209 2471 Hismara
1241 2429 1405 2470 solibus
1438 2432 1638 2484 paterent

683 2508 731 2531 190
774 2499 915 2540 aurita
947 2498 1103 2554 chelyn
1135 2502 1371 2554 expetente
1405 2498 1512 2539 silva

774 2572 817 2610 et
847 2568 954 2609 nulli
986 2567 1239 2610 resolubiles
1272 2567 1403 2608 calori

775 2642 951 2679 curvata
983 2641 1158 2679 ruerent
1189 2637 1311 2678 nives
1345 2637 1398 2678 ab
1432 2636 1558 2686 Ossa,

774 2710 962 2748 stantem
1002 2710 1076 2748 aut
1115 2705 1346 2761 Strymona
1382 2705 1588 2747 Bistones
1627 2705 1836 2755 viderent,

776 2789 871 2816 cum
904 2789 1077 2817 carmen
1110 2774 1286 2831 rapidus
1315 2775 1435 2816 latex
1467 2775 1630 2821 sitiret:

685 2854 733 2877 197»
779 2858 859 2886 nee
890 2845 924 2885 si
954 2844 1133 2886 Peliaco
1167 2844 1292 2885 datus
1324 2844 1555 2885 bimembri

776 2912 828 2953 ad
862 2911 1122 2954 Centaurica
1154 2913 1321 2968 plectra
1353 2912 1660 2965 constitissem,

774 2981 985 3022 hinnitum
1017 2981 1203 3037 duplicis
1236 2980 1393 3022 timens
1425 2981 1643 3036 magistri:

777 3065 856 3092 nec
889 3051 924 3092 si
954 3065 1023 3093 me
1055 3050 1274 3091 docuisset
1303 3050 1377 3091 ille
1409 3050 1505 3102 fari,

777 3119 918 3160 iussus
950 3133 1129 3175 pascere
1159 3119 1231 3174 qui
1263 3133 1442 3174 gregem
1476 3122 1543 3160 est
1575 3118 1747 3159 clientis

688 3196 738 3220 2⁰¹1
782 3188 1017 3243 Amphrysi
1049 3187 1102 3229 ad
1133 3188 1310 3228 fluvium
1343 3187 1450 3229 deus
1483 3187 1710 3239 bubulcus,

779 3256 891 3311 quod
922 3256 1193 3311 ferrugineos
1226 3255 1440 3312 Cyclopas
1473 3269 1578 3297 arcu

363 3408 425 3440 161
460 3409 573 3441 coi-inc
598 3407 635 3439 F
794 3404 858 3439 162
882 3417 1003 3439 seneca
1028 3407 1066 3438 F
1224 3404 1289 3438 163
1316 3406 1427 3438 bibilis
1456 3406 1484 3437 C
1595 3405 1787 3437 marcialem
1816 3405 1844 3437 (J
2004 3405 2068 3438 1135
2093 3407 2174 3449 quid
2200 3419 2286 3450 quae
2311 3406 2362 3452 (q)
2387 3405 2425 3438 F

228 3466 292 3497 1613
331 3466 425 3498 Polla
463 3466 519 3498 dat
554 3465 671 3505 wlff),-
715 3464 808 3495 Polla
845 3469 933 3496 amat
963 3463 1033 3496 Leo
1185 3469 1334 3506 poetssaS
1369 3463 1413 3496 0¹
1616 3460 1678 3494 171
1722 3473 1818 3495 sume
1851 3462 1888 3494 F
2079 3461 2144 3495 172
2184 3465 2226 3496 ad
2265 3475 2330 3496 om.
2356 3462 2426 3496 PT

229 3520 294 3553 173
318 3523 451 3565 insigna
473 3521 509 3554 F
645 3519 710 3552 174
734 3521 837 3552 larcin
862 3521 986 3552 trabeis
1004 3520 1040 3552 F
1184 3519 1248 3552 177
1275 3521 1376 3553 castis
1399 3520 1435 3552 F
1572 3518 1636 3552 183
1660 3525 1774 3552 cantes
1792 3518 1825 3551 P
1915 3520 2060 3553 hebreus
2078 3520 2115 3552 F
2250 3520 2314 3552 187
2340 3531 2419 3553 can-

227 3580 318 3611 tibus
359 3578 454 3611 TJ’F
628 3578 694 3610 190
727 3579 839 3611 chelin
872 3577 941 3610 TF.
978 3579 1110 3610 chelion
1140 3580 1180 3617 (J,
1215 3579 1336 3610 chelim
1364 3577 1396 3609 P
1573 3576 1637 3609 190
1673 3582 1870 3619 expectente
1896 3577 1932 3609 F
2107 3576 2172 3609 192
2205 3583 2360 3610 reuerent
2387 3576 2426 3609 F

231 3635 294 3667 15⁸3
319 3642 448 3668 santem
467 3636 499 3668 P
632 3634 697 3668 194
721 3646 810 3668 earm
828 3634 860 3666 Ι)
991 3633 1055 3666 195
1079 3635 1126 3666 sic
1147 3634 1243 3666 (J'TF
1369 3633 1434 3666 196
1460 3634 1665 3666 constitisset
1686 3636 1714 3665 (J
1845 3632 1913 3666 200
1937 3634 2097 3676 amphrisi
2117 3634 2152 3674 Ο,
2176 3635 2325 3677 anpln·isi
2350 3633 2420 3675 TF,

229 3695 356 3735 anfrysi
384 3693 415 3724 P
552 3693 614 3726 2⁴ss
643 3694 723 3736 quid
749 3693 785 3725 F
