2583 4011
966 211 1103 246 Μυκη
1135 212 1230 247 vm.
1262 214 1298 247 14
1319 215 1338 256 ς·
1358 218 1379 248 ·.›
1406 235 1446 239 -
1476 217 1516 248 103
1542 218 1561 256 ,s
1580 220 1611 250 2.
2311 227 2385 265 1-17

184 327 312 368 vestri
345 328 522 381 gerulus
556 327 733 382 eloquii.
778 327 907 368 rebus
941 342 996 369 ex
1031 329 1247 369 sententia
1283 330 1433 383 gestis.
1467 331 1566 384 qnia
1601 336 1768 372 tuorum
1803 334 1971 388 apicum
2006 335 2158 377 detulit
2194 352 2384 379 munera.

182 410 376 438 meorum
418 400 611 452 reportat
650 395 878 452 obsequia:
921 411 1047 452 quem
1084 397 1228 438 saltim
1263 398 1448 438 iuvimus
1483 408 1601 441 voto.
1641 401 1741 455 quia
1776 416 1818 441 re
1854 404 2029 444 forsitan
2065 420 2144 446 mm
2181 409 2389 449 valemus.

182 479 260 520 per
292 478 420 520 quem
448 464 630 506 obsecro
660 465 869 521 impense.
904 471 949 506 ut
972 466 1087 506 sitim
1114 471 1305 506 nostram
1330 467 1581 522 frequenter
1604 468 1756 509 litteris
1781 470 1994 512 litteratis.
2027 474 2153 513 ambo
2178 478 2384 525 germani,

182 539 227 576 tu
269 534 563 590 frequentius,
606 533 819 589 inrigctis.
882 534 959 575 sed
1001 535 1036 575 si
1080 534 1313 576 difficultas
1348 535 1514 577 itineris
1549 537 1735 577 intersiti
1770 539 1948 579 resultat
1981 543 2161 595 optatis.
2209 545 2274 584 vel
2309 546 2384 585 ali-

126 614 140 636 f·
180 603 382 659 quotiens
424 618 502 660 pro
544 602 812 659 supplicibus
854 603 1113 659 supplicate.
1175 604 1315 645 maius
1357 610 1424 646 est
1466 611 1633 648 autem.
1677 606 1710 646 si
1754 606 1880 648 nobis
1921 609 2110 650 tribuere
2153 611 2386 663 dignemini

179 673 288 715 raris
322 672 712 715 intercessionibus
748 672 935 714 salutem
969 687 1097 729 quam
1132 674 1167 715 si
1202 674 1365 716 crebris
1396 674 1600 716 affatibus
1623 675 1896 731 dignitatem.
1951 692 2115 720 memor
2138 682 2266 722 nostri
2291 698 2387 723 csse

179 741 375 798 dignare,
408 742 584 784 domine
617 755 746 798 papa.

1208 870 1305 911 XV.

520 962 803 1003 SIDONIUS
839 962 1076 1004 DOMINO
1110 962 1309 1004 PAPAE
1344 962 1659 1004 PROSPERO
1695 964 1989 1007 SALUTEM.

320 1041 434 1102 Dum
485 1060 688 1102 laudibus
739 1061 915 1101 summis
967 1065 1162 1102 sanctum
1212 1060 1481 1111 Annianum,
1542 1062 1776 1103 maximum
1834 1066 2386 1121 consu{minutissimumqm·

179 1130 443 1186 pontificem.
477 1129 599 1185 Lupo
632 1144 782 1186 parem
808 1129 1115 1185 Germanoque
1150 1144 1235 1171 non
1270 1130 1495 1186 imparem.
1532 1131 1593 1171 vis
1627 1132 1837 1173 celebrari
1864 1133 2142 1189 fideliumque
2167 1135 2389 1176 desideras·

179 1199 428 1255 pectoribus
469 1200 587 1254 infigi
622 1199 700 1240 viri
734 1200 832 1241 talis
866 1214 916 1240 ac
950 1200 1058 1241 tanti
1092 1214 1234 1242 mores
1268 1200 1423 1241 merita
1455 1201 1657 1251 virtutes,
1705 1202 1772 1242 eui
1807 1203 1935 1244 etiam
1973 1204 2076 1244 illud
2113 1219 2191 1244 non
2228 1206 2391 1260 absque

181 1269 346 1310 iustitia
377 1269 543 1324 gloriae
577 1268 715 1319 datur,
751 1268 865 1324 quod
899 1274 941 1310 tc
976 1283 1232 1311 successore
1265 1270 1471 1322 decessit,
1507 1285 1721 1325 exegeras
1755 1271 1869 1320 milii,
1905 1277 1950 1312 ut
1985 1274 2278 1327 promitterem
2315 1275 2388 1315 tihi

180 1337 344 1380 Attilae
376 1337 539 1401 bellum
575 1338 672 1379 stilo
707 1352 775 1379 me
808 1338 996 1394 posteris
1029 1339 1346 1384 intimaturum,
1380 1353 1463 1395 quo
1496 1339 1702 1381 videlicet
1724 1340 2053 1382 Aurelianensis
2079 1342 2195 1383 urbis
2220 1343 2388 1384 obsidio

179 1408 457 1463 oppugnatio,
490 1408 680 1463 inruptio
713 1422 792 1449 nec
827 1407 1015 1464 direptio
1050 1413 1093 1449 et
1126 1408 1200 1449 illa
1223 1408 1402 1464 vulgata
1434 1408 1629 1450 exauditi
1662 1410 1844 1451 caelitus
1879 1411 2118 1452 sacerdotis
2145 1413 2391 1453 vaticinati«.

127 1494 140 1509 ο
180 1476 497 1518 continebatur.
550 1491 782 1532 coeperam
816 1476 1031 1525 scribere:
1067 1476 1143 1519 sed
1178 1478 1322 1533 operis
1356 1478 1517 1534 arrepti
1551 1479 1671 1520 fasce
1696 1485 1924 1534 perspecto
1950 1480 2113 1521 taeduit
2140 1481 2387 1522 inclinasse:

179 1550 356 1603 propter
388 1547 467 1589 hoc
502 1547 631 1588 nullis
664 1547 841 1588 auribus
876 1546 1039 1588 credidi
1073 1547 1187 1603 quod
1221 1548 1408 1603 p'rimum
1441 1562 1509 1589 me
1544 1562 1724 1589 censore
1749 1547 2072 1590 damnaveram.
2126 1549 2310 1590 dabitur.
2348 1560 2389 1590 at

179 1631 322 1673 spero,
355 1617 550 1672 precatui
583 1621 656 1658 tuo
691 1621 735 1658 et
766 1617 931 1658 meritis
964 1616 1174 1658 antistitis
1207 1617 1375 1665 summi,
1409 1622 1622 1673 quatenus
1655 1619 1887 1674 praeconio
1911 1633 1988 1659 suo
2013 1620 2090 1659 sul»
2119 1634 2390 1674 quacumque

179 1690 222 1728 et
261 1686 434 1742 quidem
481 1686 612 1727 celeri
656 1686 890 1727 occasione
930 1687 1204 1728 famulemur.
1268 1691 1460 1728 ceterum
1501 1692 1545 1728 tu
1589 1687 1780 1729 creditor
1824 1689 1964 1729 iustus
1999 1688 2277 1729 laudabiliter
2312 1689 2389 1728 lio«-

178 1755 498 1811 imprudentiae
533 1755 755 1797 temerarii
787 1753 998 1797 debitoris
1032 1755 1282 1800 indulseris.
1315 1761 1362 1797 ut
1394 1756 1508 1811 quod
1532 1757 1637 1798 mihi
1668 1758 1901 1799 insolubile
1927 1758 2095 1799 videtur
2119 1757 2194 1798 tibi
2220 1772 2390 1812 quoque

181 1824 376 1866 videatur
409 1825 731 1882 inreposcibile.
795 1840 961 1868 memor
993 1826 1125 1867 nostri
1160 1840 1257 1868 esse
1291 1825 1486 1881 dignare,
1520 1826 1693 1868 domine
1727 1841 1852 1883 papa.

1267 2021 1387 2064 XVI.

700 2114 982 2157 SIDONIUS
1018 2114 1400 2157 CONSTANTIO
1436 2113 1548 2155 SUO
1585 2112 1881 2155 SALUTEM.

324 2192 639 2255 Spopoxnfflzm
679 2212 906 2263 Petronio,
955 2212 1124 2254 inlustri
1166 2212 1273 2257 viro,
1324 2226 1534 2268 praesens
1584 2212 1842 2267 opusculum
1884 2212 2032 2266 paneis
2077 2226 2142 2252 me
2192 2212 2391 2266 epistulis

181 2282 510 2339 expediturum:
554 2282 677 2323 cuius
716 2282 892 2323 auribus
932 2296 1015 2323 non
1054 2282 1252 2337 peperci,
1295 2281 1396 2322 dum
1437 2282 1520 2323 tuis
1555 2295 1699 2336 parco.
1764 2281 1894 2321 malui
1936 2295 2139 2335 namque.
2188 2287 2232 2320 ut
2273 2281 2390 2320 illum

182 2352 465 2394 correctionis
498 2351 633 2403 labor,
667 2356 709 2394 tc
743 2351 881 2393 honor
914 2351 1119 2393 editionis
1152 2351 1370 2407 aspiceret
1400 2351 1734 2407 perveniretque
1759 2350 1801 2391 in
1825 2364 1978 2391 manus
2004 2354 2168 2391 vestras
2193 2350 2390 2390 volumen

112 2429 127 2455 2
182 2421 297 2463 istud
326 2422 468 2463 alieno
490 2421 699 2477 periculo,
734 2421 944 2477 obsequio
970 2434 1079 2462 meo.
1134 2424 1311 2476 peracta
1333 2419 1566 2476 promissio
1600 2424 1688 2461 est:
1723 2433 1820 2460 nam
1854 2419 2011 2474 peritia
2044 2424 2117 2460 tua
2152 2419 2185 2458 si
2220 2424 2389 2458 coacto-

182 2505 276 2532 rum
323 2491 367 2531 in
414 2491 700 2532 membranas
742 2490 944 2546 inspiciat
992 2489 1118 2545 signa
1164 2489 1411 2540 titulorum,
1460 2489 1544 2529 iam
1597 2488 1821 2543 copiosum
1868 2492 1931 2542 te,
1980 2488 2021 2528 ni
2066 2488 2205 2528 fallor.
2255 2487 2393 2542 pulsat

183 2560 427 2617 exemplar:
470 2561 556 2602 iam
595 2561 766 2603 venitur
804 2560 859 2602 ad
901 2560 1120 2615 margines
1159 2559 1482 2608 umbilicorum,
1529 2559 1613 2599 iam
1654 2562 1824 2613 tempus
1866 2563 1950 2598 est.
1994 2562 2039 2597 ut
2079 2556 2278 2597 satiricus
2321 2556 2392 2596 ait.

184 2630 387 2672 Orestem
428 2634 625 2672 nostrum
663 2631 732 2672 vel
775 2645 908 2688 super
947 2635 1074 2686 terga
1115 2630 1242 2671 finiri.
1313 2643 1398 2670 non
1442 2629 1509 2670 hic
1551 2642 1632 2683 ego
1684 2627 2032 2669 commenticiam
2071 2625 2390 2681 Terpsichoren

320 2791 365 2826 27
391 2791 555 2826 Iuvenal.
582 2793 648 2826 sat.
675 2791 702 2832 I,
728 2793 832 2835 5sq.:
1028 2790 1161 2824 summi
1189 2790 1300 2834 plena
1325 2788 1399 2822 iani
1426 2786 1593 2832 margine
1618 2787 1703 2821 libri

867 2848 1025 2893 scriptus
1051 2849 1089 2882 et
1113 2847 1151 2881 in
1176 2849 1282 2892 tergo
1307 2857 1374 2881 nec
1398 2845 1487 2880 dum
1511 2844 1638 2879 finitus
1665 2844 1820 2880 Orestes.

325 2952 341 2986 1
368 2955 542 2988 sentencia
570 2954 634 2988 CF
776 2954 797 2987 2
823 2955 1025 2997 obsequium
1052 2953 1089 2986 F
1184 2953 1261 2985 salti
1287 2952 1363 2992 LT,
1394 2951 1512 2984 saltem
1539 2951 1646 2983 MFP
1792 2949 1812 2983 4
1838 2963 1864 2989 s3
1893 2956 1928 2982 tu
1956 2950 2170 2991 frequencius
2204 2948 2234 2979 T
2321 2949 2390 2980 irri-

183 3037 271 3078 getis
295 3036 468 3070 MTCFP
605 3037 845 3070 ditancultas
879 3048 968 3069 corr.
999 3046 1039 3068 ea:
1071 3034 1269 3067 dit'ulcultas
1294 3033 1348 3064 [ἢ
1492 3031 1615 3064 obtatis
1643 3031 1703 3064 (¹1²
1838 3001 2019 3073 aliquoties
2046 3027 2121 3070 111¹,
2159 3029 2336 3071 aliquoties
2365 3027 2389 3058 ΙΙ

184 3117 206 3149 ἶ)
230 3117 328 3150 nobis
354 3117 454 3150 LTP
476 3124 505 3151 et
530 3119 565 3151 ἱιι
592 3130 660 3151 ras.
687 3119 760 3159 M2’,
793 3119 891 3152 bonis·
919 3117 984 3150 CF
1003 3122 1032 3150 et
1057 3123 1093 3148 ut
1116 3128 1144 3149 v.
1172 3115 1222 3156 M,
1254 3114 1266 3147 l
1292 3114 1390 3146 nobis
1414 3119 1450 3145 ut
1474 3125 1504 3146 υ.
1530 3125 1555 3145 s.
1583 3113 1604 3144 l.
1631 3112 1713 3145 adel.
1740 3112 1813 3152 ΑΠ’,
1837 3123 1926 3144 eras.
1952 3111 2012 3143 JI²
2177 3110 2196 3139 ‘i
2224 3109 2390 3151 dignitati]

186 3195 223 3238 (ᾗ
249 3209 337 3230 corr.
363 3198 400 3230 in
425 3199 444 3230 ἓ
470 3197 532 3239 ΤῙ)
557 3198 589 3230 Τ
678 3210 751 3232 esse
776 3199 917 3242 dignare
942 3199 1077 3231 domine
1103 3209 1189 3241 papa
1213 3208 1276 3229 om.
1303 3195 1366 3228 CF
1503 3191 1522 3225 ’ἶ
1549 3193 1698 3235 digneris
1724 3192 1831 3224 MTI'
1968 3192 1989 3223 ὅ
2013 3191 2170 3223 Sidonius
2196 3196 2224 3222 el
2249 3189 2390 3221 salutem

186 3286 249 3307 om.
263 3275 302 3308 F
373 3277 545 3319 prosperio
565 3276 597 3308 Τ
717 3275 738 3308 9
763 3277 927 3309 anianum
942 3276 986 3307 M
991 3276 1022 3307 T
1021 3275 1084 3308 CF
1082 3275 1115 3307 P
1182 3273 1583 3315 coiisumatissimumque
1599 3275 1628 3305 (J
1752 3271 1788 3304 ll
1819 3246 1919 3305 moris
1935 3272 1985 3304 1³¹
2118 3270 2158 3303 12
2184 3270 2317 3303 iusticia
2334 3268 2397 3301 CF

186 3354 288 3387 michi
316 3355 345 3387 (l
507 3354 548 3387 13
580 3356 670 3398 quod
704 3356 738 3397 (d
769 3367 857 3388 eras.
889 3356 948 3396 0²)
977 3356 1005 3387 (J
1174 3352 1216 3384 14
1247 3353 1388 3396 irruptio
1415 3352 1457 3384 JI
1463 3352 1494 3383 Τ
1493 3353 1586 3386 CFP
1757 3353 1797 3385 lz')
1828 3359 2002 3396 prospecto
2028 3351 2061 3383 Ρ
2176 3351 2326 3383 incoasse
2354 3349 2394 3380 JI

187 3432 230 3466 16
255 3434 516 3478 dampnaveram
547 3435 642 3468 TCF
736 3442 772 3469 ut
797 3448 861 3469 om.
886 3435 918 3467 Τ
1066 3433 1106 3466 17
1132 3440 1166 3466 et
1190 3445 1254 3466 om.
1285 3434 1313 3465 C
1408 3433 1525 3466 merito
1551 3433 1589 3465 F
1689 3434 1853 3476 quatiiius
1879 3433 1918 3464 Μ
1928 3432 1958 3463 T
1957 3431 2050 3465 L'FI'
2203 3429 2242 3461 19
2267 3431 2390 3472 impru-

185 3514 324 3548 deneiae
348 3515 386 3548 F
498 3516 600 3548 michi
628 3516 657 3549 G
816 3515 862 3549 20
894 3528 967 3549 esse
996 3516 1138 3559 dignare
1162 3515 1296 3546 domine
1323 3525 1407 3557 papa
1432 3525 1495 3546 om.
1524 3513 1626 3547 Mel)
1786 3512 1827 3545 21
1856 3513 2049 3545 constancio
2076 3524 2136 3543 suo
2163 3510 2335 3545 (Sidonius
2360 3514 2390 3541 et

187 3595 331 3628 salutem
348 3595 427 3637 om.)
442 3596 480 3628 F
590 3595 635 3628 22
654 3597 781 3629 illustri
794 3596 836 3628 M
842 3596 873 3628 T
871 3596 965 3629 GFP
1077 3594 1122 3627 ‘23
1148 3595 1267 3628 mallui
1283 3594 1313 3626 L
1383 3605 1519 3636 nanque
1535 3594 1579 3625 JI
1690 3594 1734 3627 24
1752 3601 1880 3627 vestras
1898 3604 2019 3626 manus
2036 3594 2063 3624 G
2174 3590 2218 3622 251
2242 3587 2387 3632 peracta!

186 3675 329 3709 infracta
342 3677 531 3710 Monmnsen
601 3678 630 3709 si
647 3682 841 3709 coac-torum
860 3678 902 3717 (si
919 3688 958 3709 co
976 3677 1010 3708 ιἰι
1025 3688 1095 3707 ras.
1111 3675 1186 3711 JI1)
1203 3673 1246 3705 ,ΙΙ
1356 3672 1401 3705 26
1418 3673 1452 3704 in
1468 3684 1531 3705 om.
1545 3673 1575 3704 L
1648 3674 1814 3716 inspic-eat
1833 3672 1864 3704 Τ
1928 3671 2064 3713 copiosa
2079 3669 2115 3701 F
2227 3666 2270 3699 27
2288 3668 2388 3700 sarili-

189 3768 250 3790 cus
262 3756 304 3798 L,
321 3757 490 3800 satyricus
509 3756 540 3788 T
537 3757 570 3790 l)
684 3756 730 3791 ‘28
747 3762 856 3791 oreste
871 3757 899 3790 L
970 3755 1236 3791 counnentitIam
1252 3752 1350 3785 LTP
1417 3752 1646 3796 thcrpsicoren
1665 3752 1737 3792 LT,
1755 3751 1994 3793 therpsicorem
2009 3747 2123 3786 ΔἸΙΓΙ),
2142 3747 2347 3794 therpsieorss
2365 3747 2393 3780 (J

2047 3825 2114 3861 15)3

2437 1486 2459 1521 Ιὺ
