2583 4011
947 223 1085 257 LIBER
1118 224 1195 263 Vll.
1225 227 1262 260 14
1282 228 1430 268 §10—
1462 228 1538 269 173·
1558 231 1586 262 2.
2285 240 2360 278 123

157 344 205 380 ut
226 338 544 381 sollicitudines
566 339 685 394 ipsas
707 351 871 393 angore
894 337 1099 379 succiduo
1124 345 1446 383 concatenatas.
1479 343 1549 396 qui
1574 343 1829 386 exhortator
1849 355 2061 391 attenuas.
2097 351 2362 392 intercessor

160 407 343 449 incidas!
391 407 444 449 dc
478 412 638 453 cetero,
681 407 859 448 libertos
892 412 990 448 tuos
1033 407 1176 448 causis
1218 422 1325 462 quas
1359 408 1610 450 iniunxeras
1654 413 1870 467 expeditis·
1913 420 2066 458 reverti
2102 427 2216 474 puto.
2251 435 2356 475 quos
2405 424 2428 461 2

158 477 217 518 ita
249 481 426 517 strenue
465 480 634 517 constat
675 489 763 516 rem
803 475 1045 531 peregisse,
1097 481 1142 517 ut
1186 490 1263 517 nec
1305 478 1504 529 eguerint
1545 478 1752 522 adiuvari.
1818 497 1891 537 per
1923 499 2028 538 quos
2063 490 2354 529 novun-nulium

158 547 389 594 cucullum,
422 560 505 601 quo
537 546 732 587 membra
764 545 961 586 confecta
996 546 1169 586 ieiuniis
1203 546 1314 586 inter
1342 546 1550 588 orandum
1580 548 1912 605 cubandumque
1947 553 2175 604 dignante-r
2197 564 2358 609 tegare.

106 625 120 648 ὁ
158 615 392 664 transmisi,
426 628 685 670 quamquam
718 628 801 655 non
835 618 1078 670 opportune
1112 614 1284 670 species
1319 615 1469 656 villosa
1505 617 1698 658 mittatur
1732 618 1873 658 hinnu·
1903 621 2019 661 finita
2055 623 2224 677 iainque
2257 633 2360 666 teni-

87 1308 120 1332 10

82 2000 116 2024 20

159 684 338 740 poribus
370 683 551 724 aestatis
585 682 1047 739 appropinquantibus.
1109 683 1219 725 vale.

1195 946 1341 990 XVII.

641 1048 923 1091 SIDONIUS
955 1049 1305 1092 VOLUSIANO
1339 1051 1561 1094 FRATRI
1597 1051 1892 1096 SALUTEM.

329 1140 460 1201 luens
491 1172 572 1210 me,
621 1157 796 1200 dominc
828 1158 974 1203 frater,
1023 1158 1122 1214 lege
1166 1160 1398 1205 amicitiae.
1447 1175 1573 1216 quam
1617 1162 1741 1204 nefas
1782 1163 1910 1205 laedi.
1957 1165 2037 1205 iam
2081 1164 2153 1206 diu
2187 1165 2360 1207 desides
2412 1171 2421 1207 1

157 1229 315 1284 digitos
353 1228 582 1269 incudibus
622 1228 823 1269 officinae
867 1228 1028 1269 veteris
1069 1228 1293 1284 imponere
1333 1236 1375 1271 et
1419 1238 1569 1272 sancto
1601 1232 1805 1273 Abrahae
1844 1232 1957 1274 diem
1999 1235 2144 1275 functo
2190 1237 2359 1277 neniam

155 1297 474 1354 sepulchralem
512 1297 722 1339 luctuosis
764 1297 1029 1338 carminibus
1070 1297 1325 1342 inscribere.
1389 1300 1592 1343 celeriter
1642 1302 1843 1343 iniunctis
1893 1303 2220 1355 obsecundabo,
2264 1320 2357 1346 euin

153 1371 229 1409 tua
267 1371 430 1409 tractus
472 1367 743 1418 auctoritate,
790 1371 880 1408 tum
923 1367 1224 1423 principaliter
1261 1369 1519 1425 amplissimi
1570 1371 1648 1412 viri
1682 1371 1864 1412 Victorii
1915 1373 2083 1414 comitis
2131 1373 2361 1415 devotione

154 1439 432 1492 pracvcntus,
474 1448 602 1490 quem
636 1435 727 1477 iure
762 1436 975 1477 saeculari
1013 1440 1257 1491 patronum,
1300 1438 1391 1480 iure
1425 1439 1724 1481 ecclesiastico
1766 1440 1897 1481 filium
1931 1442 2083 1482 cxc-olo
2125 1450 2168 1482 ut
2210 1444 2359 1485 cliens.

154 1510 203 1547 ut
233 1510 358 1561 pater
390 1504 544 1560 diligo;
577 1504 649 1560 qui
679 1503 784 1546 satis
814 1504 975 1556 docuit,
1008 1519 1120 1561 quae
1145 1505 1226 1547 sibi
1249 1512 1324 1548 aut
1347 1508 1487 1563 qualis
1512 1522 1616 1564 erga
1639 1509 1823 1551 famulos
1848 1509 2010 1551 Christi
2035 1525 2135 1551 cura
2160 1512 2359 1553 ferveret.

155 1588 252 1617 cum
283 1579 425 1616 torum
458 1574 569 1616 circa
604 1573 909 1616 decumbentis
942 1574 1164 1625 antistitis,
1198 1589 1283 1616 non
1316 1575 1573 1632 dignitatem
1606 1578 1746 1619 minus
1775 1592 1902 1633 quam
1935 1579 2128 1620 membra
2161 1587 2361 1622 curvatus

111 1662 117 1676 ·
154 1657 204 1686 ac
237 1656 369 1699 supra
400 1643 570 1685 vultum
602 1643 845 1699 propinqua
878 1647 1017 1685 morte
1058 1644 1296 1699 pallentem
1337 1644 1488 1688 dolore
1528 1647 1732 1688 concolor
1775 1647 1929 1694 factus,
1970 1647 2070 1702 quid
2104 1649 2194 1689 viro
2229 1650 2360 1691 vellet

154 1712 344 1754 lacrimis
377 1711 591 1754 indicibus
625 1711 890 1754 ostenderet.
945 1718 989 1754 et
1021 1713 1120 1768 quia
1153 1714 1235 1755 sibi
1269 1715 1483 1757 maximas
1517 1715 1723 1757 humandi
1753 1716 1918 1758 funeris
1943 1722 2091 1773 partes
2120 1718 2212 1773 ipsc
2236 1733 2360 1774 prae-
2407 1722 2430 1760 2

154 1782 299 1839 ripuit,
343 1786 482 1823 totum
514 1785 727 1838 apparatu
760 1783 1110 1838 supercurrentis
1152 1783 1358 1839 impendii
1402 1785 1515 1840 quod
1555 1785 1795 1827 funerando
1839 1786 2053 1828 sacerdoti
2095 1794 2361 1843 competeret

152 1850 420 1908 impertiens,
462 1851 607 1892 saltim
646 1850 701 1892 ad
734 1851 992 1907 obsequium
1026 1866 1137 1908 quae
1171 1860 1476 1896 remanserunt
1509 1855 1641 1897 verba
1675 1856 1951 1898 conferimus.
1994 1856 2100 1897 nihil
2133 1856 2249 1897 aliud
2283 1871 2358 1897 ex-

151 1920 314 1963 araturi
347 1920 434 1962 stili
469 1921 707 1978 scalpentis
748 1921 966 1977 impressu
1011 1936 1140 1977 quam
1185 1923 1480 1966 testimonium
1522 1930 1697 1967 mutuae
1737 1925 1995 1968 dilectionis.
2058 1930 2249 1966 ceterum
2284 1926 2361 1967 viri

154 2004 298 2032 mores
331 1994 457 2045 gesta
488 1990 672 2033 virtutes
706 1990 1012 2047 indignissime
1042 2006 1237 2034 meorum
1271 1993 1438 2035 vilitate
1470 1993 1681 2036 dictorum
1714 1994 2082 2051 ponderabuntur.

641 2060 865 2103 Abraham
899 2062 1060 2103 sanctis
1093 2062 1246 2103 merito
1281 2062 1486 2104 sociande
1519 2064 1724 2119 patronis„

703 2142 811 2184 quos
843 2130 922 2172 tibi
955 2131 1150 2186 collegas
1184 2130 1330 2174 dicere
1363 2146 1450 2173 non
1482 2132 1718 2189 trepidem:

640 2213 739 2241 nam
773 2200 834 2242 sic
865 2200 1149 2256 praecedunt.
1181 2207 1228 2244 ut
1259 2217 1361 2245 mox
1394 2208 1540 2245 tamen
1573 2204 1667 2259 ipsc
1700 2217 1906 2258 sequare:

704 2268 777 2311 dat
809 2274 976 2325 partem
1010 2271 1134 2326 regni
1166 2272 1308 2327 portio
1341 2272 1551 2327 martyrii.

580 2349 594 2368 f·
639 2344 766 2381 natus
799 2339 854 2381 ad
884 2340 1156 2396 Euphraten,
1189 2355 1266 2397 pro
1301 2340 1474 2383 Christo
1509 2342 1728 2397 ergastula
1760 2355 1912 2397 passus

702 2414 746 2451 et
778 2410 1090 2465 quinquennali
1125 2411 1296 2452 vincula
1328 2411 1430 2452 laxa
1461 2411 1588 2459 fame,

638 2478 814 2535 elapsus
845 2480 939 2535 regi
971 2481 1218 2522 truculento
1255 2479 1424 2522 Susidis
1457 2494 1557 2522 orae

700 2547 928 2590 occiduum
960 2562 1171 2605 properas
1204 2550 1324 2591 solus
1357 2549 1411 2590 ad
1443 2563 1579 2605 usquc
1613 2549 1766 2590 solum.

637 2615 715 2659 sed
747 2617 1047 2660 confessorem
1077 2619 1286 2660 virtutum
1320 2619 1443 2673 signa
1477 2622 1716 2673 sequuntur

562 2696 593 2718 ¹⁸·
707 2686 1022 2743 spiritibusque
1054 2688 1179 2730 malis
1212 2688 1314 2732 fers.
1348 2687 1543 2743 fugitive3
1577 2687 1736 2743 fugam.

635 2769 807 2812 quaque
840 2756 979 2809 venis,
1012 2757 1250 2799 Lemurum
1283 2772 1330 2800 se
1364 2757 1522 2798 clamat
1555 2755 1713 2798 cedere
1747 2755 1895 2797 turba:

699 2824 936 2867 daemonas
967 2826 1029 2868 ire
1062 2827 1187 2868 iubes
1221 2827 1321 2868 exul
1357 2826 1399 2867 in
1434 2826 1631 2867 exilium.

285 3030 303 3063 1
330 3044 483 3077 anguore
502 3033 543 3066 M
549 3033 582 3066 T
577 3033 646 3066 FP
723 3035 992 3068 concathenatas
1011 3034 1049 3067 F
1173 3034 1194 3066 ⁴2
1219 3002 1344 3068 liberine
1363 3034 1405 3066 Μ
1414 3035 1423 3053 ¹
1509 3040 1583 3067 tuto
1601 3034 1634 3066 P
1758 3032 1779 3066 4
1804 3034 1979 3067 cucullum
2004 3033 2035 3065 Τ
2035 3032 2103 3074 CF,
2128 3032 2298 3065 cocullum
2317 3030 2359 3071 L,

144 3112 302 3146 coculum
325 3113 409 3156 MP,
443 3113 458 3146 l
482 3115 661 3148 cucullum
686 3126 712 3148 ε.
739 3115 760 3148 ἰ.
786 3115 869 3148 add.
894 3115 935 3147 M
947 3116 956 3134 ¹
1082 3116 1239 3159 dignater
1260 3115 1298 3148 F
1463 3114 1485 3148 ἴ)
1515 3126 1711 3158 quanquam
1736 3114 1810 3147 LJI
1817 3114 1849 3146 T
1965 3120 2131 3156 oportune
2156 3111 2231 3144 LM
2236 3111 2267 3143 T
2266 3110 2359 3144 CFP

143 3191 456 3246 villosammittatur
479 3193 532 3226 L¹
692 3192 712 3226 7
737 3195 897 3229 Sidonius
922 3200 952 3228 et
976 3195 1123 3229 salutem
1149 3207 1212 3228 om.
1232 3195 1269 3228 F
1350 3238 1356 3243 .
1375 3196 1539 3228 FRATRI
1567 3194 1751 3236 LMTFP,
1776 3195 1860 3227 SVO
1882 3194 1911 3226 (J
2061 3191 2083 3226 8
2108 3192 2278 3226 amiciciae
2299 3191 2362 3225 CF

142 3278 218 3315 post
251 3275 347 3308 nefas
383 3274 446 3316 leq.
478 3280 530 3308 est
562 3275 598 3308 in
627 3274 718 3308 TCP
743 3280 774 3308 et
807 3287 833 3308 8.
860 3275 884 3309 l.
908 3276 943 3308 in
966 3275 1011 3308 M
1018 3275 1027 3294 ¹
1218 3274 1239 3307 9
1273 3247 1397 3308 osfiiiae
1423 3274 1463 3307 JI
1470 3275 1479 3294 ¹
1621 3275 1709 3309 diem
1743 3274 1789 3315 (m
1820 3285 1907 3308 erae.
1930 3272 2006 3315 211²)
2033 3272 2110 3305 LM
2114 3272 2149 3314 T,
2183 3273 2237 3306 (lie
2265 3271 2359 3305 CFP

144 3352 305 3388 defimoto
329 3353 368 3387 F
479 3355 615 3388 veniam
640 3355 672 3388 L
838 3355 882 3390 10
911 3357 1135 3400 sepulcralem
1164 3355 1228 3389 CF
1387 3354 1426 3388 11
1460 3355 1639 3389 devotione
1666 3354 1699 3387 P
1861 3353 1903 3387 13
1934 3365 2015 3387 cura
2045 3365 2134 3387 corr.
2159 3363 2200 3386 ex
2222 3355 2266 3386 οῦ
2292 3351 2352 3384 ,11¹

145 3433 293 3468 ferverat
316 3434 349 3467 L
489 3433 534 3468 14
557 3436 694 3469 thorum
720 3435 891 3469 MTOFP
984 3438 1118 3470 antistis
1146 3437 1175 3471 C'
1266 3436 1404 3470 bembra
1429 3434 1461 3467 L
1611 3434 1653 3469 15
1676 3435 1859 3479 pellentem
1884 3433 1914 3466 L
2056 3433 2098 3466 16
2125 3433 2294 3466 iudicibus
2319 3431 2357 3464 F

145 3510 188 3545 17
211 3518 324 3548 totum
349 3526 375 3548 s.
393 3516 415 3548 l.
432 3515 517 3549 add.
534 3515 597 3548 131¹
692 3522 896 3560 apparatum
914 3516 960 3549 M
1098 3516 1139 3549 18
1163 3517 1270 3550 nichil
1286 3515 1331 3548 JI
1335 3515 1367 3548 T
1365 3514 1462 3549 CFP
1605 3513 1648 3547 19
1672 3515 1855 3548 dilictionis
1873 3513 1902 3546 L
2051 3524 2082 3546 v.
2103 3512 2120 3545 1
2148 3512 2285 3545 braham
2303 3510 2334 3543 F
2344 3522 2355 3547 ξ

145 3592 286 3636 itemque
314 3600 501 3629 ceterorum
524 3607 574 3629 vv.
584 3596 722 3639 primae
746 3608 898 3640 quaeque
923 3597 983 3630 litt.
1003 3598 1125 3631 desunt
1215 3596 1368 3631 sotianda
1386 3595 1424 3628 F
1567 3606 1599 3628 v,
1617 3593 1639 3627 2
1663 3595 1811 3638 trepidas
1827 3594 1865 3628 F
2000 3605 2032 3626 v.
2049 3592 2071 3626 4
2096 3592 2235 3625 martirii
2251 3590 2354 3624 JIC'P

148 3683 180 3706 v.
205 3672 228 3706 5
258 3675 415 3708 eufraten
440 3675 612 3708 MTOFP
771 3687 804 3709 v.
830 3675 851 3709 6
883 3677 1107 3719 quinquenali
1131 3676 1163 3708 L
1333 3686 1364 3707 v.
1390 3672 1410 3706 7
1440 3675 1578 3707 susudis
1611 3674 1686 3715 (alt.
1713 3685 1736 3706 u
1762 3685 1850 3706 corr.
1875 3673 1911 3706 in
1935 3673 1946 3704 i
1970 3672 2049 3714 231¹)
2066 3671 2116 3712 M,
2149 3671 2295 3703 subsidia
2319 3669 2357 3702 F

147 3752 248 3788 horae
272 3754 378 3787 MGP
512 3767 543 3788 v.
570 3754 592 3788 8
617 3755 772 3788 occidum
798 3755 828 3788 C'
964 3767 996 3788 v.
1021 3754 1043 3787 9
1069 3761 1102 3788 et
1126 3754 1164 3787 F
1252 3760 1418 3798 sequntur
1450 3754 1482 3785 T
1617 3764 1648 3784 v.
1676 3751 1720 3785 10
1743 3752 1917 3795 spiritibus
1944 3749 2021 3791 (om.
2048 3753 2128 3792 que)
2154 3749 2188 3780 P

2012 3828 2079 3860 1⁴5*
