2583 4011
198 219 340 250 LXVIlI
984 203 1255 240 PRAEFATIO
1282 203 1335 237 IN
1360 201 1601 237 RVRICIVM

199 329 463 370 ministravit.
525 325 740 365 *Novitate
772 320 995 363 holcrum'.
1029 333 1137 375 quae
1162 319 1199 359 ei
1221 330 1486 372 magnopere
1510 314 1751 371 placebant,
1783 313 1987 354 Leontius
2021 327 2120 354 eum
2151 313 2387 354 delectavit

197 413 256 453 tp.
283 398 376 437 2342.
400 397 455 435 4⁸.
520 394 618 449 Ipse
653 392 881 433 Ambrosio
922 391 1125 445 episcopo
1164 385 1397 441 ‘legumina
1434 382 1612 425 marina'
1657 384 1716 438 (p.
1747 385 1843 434 342,
1870 381 1964 437 28),
2006 382 2249 424 Vittamero
2294 382 2387 437 pira

197 465 430 506 transmisit
462 477 520 518 (pp.
554 464 648 504 349.
679 464 758 502 11).

339 550 403 590 Dc
452 548 614 589 Ruricii
661 546 902 587 elocutione
945 543 1146 584 Sidonius
1186 555 1267 595 qua
1309 543 1400 581 crat
1448 538 1650 579 comitate
1693 537 1735 577 in
1776 537 1961 592 epistula
2008 536 2061 577 ad
2107 536 2245 591 ipsum
2286 535 2388 576 data

197 619 335 662 ‹VllL
367 618 430 658 10)
466 619 519 658 ita
555 615 777 656 iudicavit:
820 627 934 661 nam,
967 611 1125 666 inquit,
1159 608 1302 649 stilum
1337 610 1518 648 vestrum
1557 609 1719 657 quauta
1757 606 1974 646 conaretur
2002 603 2064 645 vel
2091 603 2264 654 flamma
2295 617 2387 645 sen-

196 702 316 727 suam
353 685 409 725 rel
443 685 553 724 unda
587 696 838 724 svrnnmum,
883 680 1053 720 liberius
1083 691 1324 726 assererem,
1363 676 1466 725 nisi,
1507 674 1607 715 dum
1638 688 1700 715 mc
1731 673 1908 714 laudare
1937 687 2021 714 non
2042 687 2204 724 parum
2234 672 2387 722 studes,

198 755 369 795 laudari
392 753 624 805 plurimum
657 756 693 792 tt·
727 755 889 791 curares.
951 748 1149 789 Ruricius
1184 748 1276 802 ipsc
1310 757 1568 800 quamquam
1607 757 1847 784 sermonem
1890 757 2013 784 suum
2046 743 2252 783 rusticum
2292 755 2389 782 esse

199 838 329 878 sacpc
371 823 590 862 confossus
623 826 688 861 cst
721 820 792 873 (cf.
825 819 983 874 p.30·2,
1009 819 1068 857 17.
1113 817 1207 867 328,
1231 816 1298 856 26.
1338 815 1433 865 339,
1458 814 1523 853 30.
1564 813 1658 862 341,
1680 811 1751 866 28)
1790 812 2042 866 litterasque
2075 825 2182 866 quas
2216 811 2390 866 scripsit

199 893 251 933 ab
286 893 432 932 amicis
466 891 532 931 vcl
566 888 770 930 abscondi
804 888 862 943 (p.
888 887 1065 929 302.30.
1100 885 1285 937 306,19)
1319 883 1388 924 vel
1424 881 1644 923 emendari
1677 880 1737 936 (p.
1761 882 1855 932 341,
1876 880 1946 935 31)
1988 880 2056 921 vel
2091 881 2221 921 etiam
2253 879 2390 920 deleri

199 975 257 1016 lp.
291 962 384 1002 325.
410 960 477 1000 :lul
520 959 659 1000 iussit.
708 970 830 998 ucmo
873 970 954 995 non
997 953 1202 1009 perspicit
1245 966 1341 992 eum
1384 964 1433 992 eo
1474 954 1638 991 tantum
1678 949 1859 990 consilio
1902 950 2005 990 talia
2051 949 2306 1004 scripsisse,·
2342 952 2391 988 ut

202 1030 325 1069 amici
361 1028 565 1068 sci-monis
600 1026 856 1080 elegantiam
891 1038 940 1064 co
974 1022 1111 1077 magis
1143 1021 1343 1062 laudibus
1377 1019 1652 1061 extollerent.
1716 1017 1877 1059 Sedato
1899 1032 2050 1059 versus
2081 1018 2196 1058 misit
2226 1016 2389 1058 hende-

200 1097 440 1150 casyllabos
477 1096 525 1136 R.
551 1095 590 1134 Il
618 1096 675 1135 19.
739 1094 823 1134 'vix
857 1093 965 1133 alius
999 1105 1104 1146 quas
1138 1094 1370 1144 acceperat
1401 1089 1565 1129 litteras
1599 1101 1786 1142 suasque
1819 1088 2016 1143 proprias
2039 1092 2126 1128 tam
2151 1087 2390 1143 impudenti

200 1165 323 1205 modo
358 1164 603 1219 compilavit
635 1178 759 1217 quam
792 1163 860 1202 hic
894 1161 1216 1216 qualiscumque
1251 1163 1316 1200 est
1355 1158 1549 1212 scriptor.
1597 1155 1801 1211 Exempli
1823 1156 1964 1210 gratia
1987 1156 2174 1211 epistula
2195 1155 2247 1198 R.
2266 1155 2312 1196 II
2335 1158 2388 1196 52

200 1234 287 1273 fcrc
326 1244 410 1273 tota
446 1248 498 1273 cx
531 1233 681 1272 alicnis
715 1231 1009 1271 consarcinata
1044 1234 1119 1269 est.
1184 1227 1271 1270 Sed
1304 1242 1415 1283 quae
1449 1241 1544 1268 eam
1576 1227 1619 1267 in
1644 1225 1682 1266 G
1705 1226 1897 1280 sequitur
1921 1225 1973 1267 ad
1995 1226 2266 1267 Praesidium
2289 1225 2391 1267 data

201 1317 293 1342 cum
335 1302 387 1342 ad
432 1302 608 1341 verbum
652 1314 745 1341 cum
778 1299 827 1340 R..
860 1299 974 1339 1112
1020 1297 1267 1348 concordet,
1306 1296 1471 1337 librarii
1507 1309 1651 1337 errore
1684 1295 1911 1350 repetitam
1944 1295 2166 1345 existimo,
2206 1309 2304 1335 nam
2335 1309 2389 1336 ne

201 1370 394 1410 Ruricius
434 1370 605 1424 quidem
649 1369 831 1411 candem
865 1368 1095 1423 epistulam
1141 1366 1193 1407 ad
1227 1364 1411 1407 eundem
1443 1364 1509 1405 bis
1542 1365 1671 1406 misit.
1733 1364 1876 1405 Etiam
1911 1363 2062 1405 Severi
2095 1377 2204 1418 quae
2237 1363 2392 1404 dicitur

201 1439 381 1492 epistula
416 1438 467 1479 dc
500 1439 648 1479 ultimo
678 1438 832 1479 iudicio
866 1438 1087 1478 Ruricium
1120 1451 1245 1477 usum
1269 1450 1366 1477 esse
1387 1435 1608 1485 Baluzius,
1641 1433 2023 1474 Miscellaneorum
2055 1432 2166 1473 liber
2187 1432 2220 1473 I.
2252 1432 2389 1474 Paris.

207 1509 323 1547 1675.
358 1507 497 1547 Pracf.
532 1507 771 1547 contendit:
812 1505 976 1547 Sole-bat
1006 1506 1115 1546 enim
1147 1504 1355 1545 Ruricius
1384 1517 1468 1544 sese
1498 1502 1714 1544 meliorum
1744 1505 1964 1542 auctorwn
1995 1500 2164 1542 lectione
2194 1500 2392 1542 oblectare

200 1579 236 1613 rt
268 1590 403 1615 mrum
440 1576 556 1616 rerba
587 1590 664 1616 sua
696 1575 844 1627 facere,
874 1579 922 1616 ut
952 1574 1096 1615 multis
1126 1572 1321 1625 coecmplis
1351 1572 1512 1613 ostendi
1533 1574 1686 1624 posset.

343 1661 568 1717 Epistulae
591 1661 753 1702 Ruricii
790 1663 833 1702 in
866 1661 1059 1702 ordinem
1093 1659 1445 1714 chronologicum
1468 1658 1666 1712 digestae
1698 1671 1781 1697 non
1811 1661 1922 1708 sunt,
1955 1671 2054 1697 nam
2082 1655 2136 1699 R.
2156 1656 2200 1697 II
2223 1657 2391 1698 49—64

201 1741 300 1771 autc
334 1746 368 1772 a.
394 1734 473 1771 496
507 1733 690 1786 scriptae
724 1732 820 1772 illas
852 1744 961 1785 quae
994 1730 1045 1770 de
1079 1728 1253 1784 synodis
1285 1741 1321 1770 a.
1347 1729 1428 1769 506
1452 1730 1496 1768 et
1517 1728 1598 1767 507
1623 1725 1750 1767 datae
1784 1729 1882 1766 sunt
1914 1729 2163 1780 sequuntur.
2215 1726 2393 1768 Subieci

200 1802 474 1841 laterculum.
519 1814 600 1854 quo
641 1801 914 1841 continentur
955 1813 1063 1854 quae
1103 1798 1318 1853 epistulae
1351 1796 1526 1847 Fausti,
1566 1795 1732 1836 Ruricii
1770 1795 2040 1849 aliorumque
2081 1795 2209 1836 simul
2248 1795 2392 1837 editae

200 1884 299 1926 prac
333 1884 378 1909 sc
412 1870 554 1909 ferunt
587 1874 628 1909 ct
661 1874 900 1924 temporum
934 1873 976 1908 et
1007 1868 1198 1908 locorum
1230 1865 1400 1908 indicia.

259 1973 346 2014 FA.
365 1973 407 2012 ΙΙ
563 1987 641 2014 scr.
675 1972 861 2013 Faustus
897 1971 997 2012 exul
1031 1969 1089 2025 (p.
1114 1971 1209 2022 267,
1229 1969 1286 2024 3).

258 2040 429 2082 FA.1V
563 2055 641 2081 scr.
676 2041 860 2081 Faustus
894 2039 946 2080 ad
979 2039 1200 2080 Ruricium
1234 2038 1497 2092 episcopum.

255 2110 343 2151 FA.
364 2110 402 2148 V
556 2124 636 2151 scr.
670 2109 856 2149 Faustus
888 2109 930 2148 in
963 2108 1146 2163 patriam
1178 2120 1378 2148 reversus
1409 2104 1466 2160 (p.
1491 2106 1586 2157 270,
1606 2104 1677 2159 25)
1711 2103 1765 2145 ad
1796 2103 2020 2145 Ruricium
2054 2105 2322 2161 episcopum.

254 2179 342 2218 FA.
362 2178 422 2218 VI
557 2193 634 2219 scr.
669 2178 722 2219 ad
754 2178 976 2219 Ruricium
1007 2176 1197 2217 nondum
1231 2176 1496 2231 episcopum.

255 2247 623 2288 FAXH—XIH
657 2262 736 2289 scr.
769 2246 823 2287 ad
855 2246 1081 2287 Ruricium
1115 2246 1379 2301 episcopum.

256 2317 345 2358 FA.
364 2316 427 2356 IX
560 2331 637 2358 scr.
673 2316 859 2357 Sedatus
893 2315 1081 2356 Tolosae
1115 2314 1172 2370 (p.
1197 2313 1383 2368 273,11)
1419 2328 1455 2354 a.
1476 2315 1572 2356 507.

255 2384 426 2426 FA.X1
562 2399 640 2426 scr.
674 2384 899 2425 Eustasius
933 2385 1161 2438 episcopus
1194 2383 1418 2424 Arvernus
1452 2397 1489 2424 a.
1513 2384 1739 2423 491—515
1773 2396 1841 2423 ex.

259 2453 447 2494 FA.}{II
560 2468 636 2495 scr.
674 2452 903 2493 Caesarius
936 2456 1132 2506 tempore
1165 2450 1317 2506 synodi
1349 2450 1616 2506 Agathensis
1649 2465 1686 2493 a.
1711 2452 1805 2492 506.

259 2522 347 2564 FA.
368 2522 478 2562 XIII
561 2536 640 2562 scr.
675 2521 859 2562 Sedatus
884 2535 918 2561 c.
937 2535 974 2562 a.
995 2522 1074 2560 507
1098 2524 1295 2575 tempore
1321 2519 1474 2574 synodi
1492 2518 1736 2560 Tolosanae
1761 2518 1953 2574 (Ruricio
1980 2519 2026 2561 II
2050 2522 2102 2561 35
2127 2520 2398 2577 respondet).

259 2590 347 2632 FA.
365 2590 471 2630 XVI
563 2605 641 2631 scr.
675 2590 862 2630 Faustus
896 2589 997 2630 exul
1019 2589 1203 2630 Leontio
1229 2588 1287 2644 (p.
1311 2590 1406 2641 282,
1427 2590 1497 2643 26)
1522 2588 1770 2629 Arelatensi
1801 2588 1896 2629 vivo
1929 2587 2047 2644 (ante
2079 2604 2115 2630 a.
2141 2592 2223 2631 494
2257 2589 2395 2645 obiit).

258 2658 521 2699 FA.XV111
561 2674 639 2699 scr.
673 2658 857 2699 Faustus
889 2657 943 2698 ad
973 2656 1186 2698 Lucidum
1431 2659 1445 2711 l
1473 2659 1574 2697 ante
1611 2671 1650 2698 a.
1684 2658 1785 2708 475,
1828 2661 1928 2698 ante
1965 2671 2093 2712 quem
2134 2657 2300 2700 Crocus

259 2727 346 2767 FA.
367 2727 473 2767 XIX
559 2741 636 2767 scr.
668 2726 856 2767 Lucidus
897 2726 949 2766 ad
988 2725 1216 2781 episcopos
1250 2723 1399 2765 Gallos
1432 2716 1447 2771 l
1474 2724 1533 2780 (p.
1553 2726 1731 2780 290‚12)
1753 2726 1797 2766 in
1829 2726 2005 2767 exilium
2036 2727 2194 2768 missus
2218 2732 2296 2770 est.

260 2795 348 2835 FA.
368 2795 451 2835 XX
561 2809 639 2837 scr.
673 2795 859 2836 Faustus
893 2800 992 2836 ante
1027 2793 1313 2835 Claudianum
1345 2807 1380 2836 c,
1412 2808 1449 2834 a.
1481 2796 1563 2835 470
1597 2794 1649 2836 de
1683 2798 1797 2835 statu
1829 2795 2000 2836 animae
2032 2795 2335 2838 disserentem.

259 2863 310 2905 R.
344 2863 362 2903 I
394 2865 417 2903 2
564 2879 642 2905 scr.
675 2864 875 2905 Ruricius
908 2863 1070 2905 Fausto
1103 2863 1305 2905 exulante
1339 2865 1396 2918 (p.
1421 2863 1622 2919 301,13).

260 2932 297 2972 R
344 2932 362 2971 I
398 2935 418 2972 7
565 2947 645 2974 scr.
677 2933 875 2973 Ruricius
910 2931 1114 2973 Gurdone
1148 2931 1207 2987 (p.
1229 2933 1323 2982 304,
1352 2931 1434 2987 15).

261 3000 308 3041 R.
343 3000 362 3040 I
396 3002 433 3042 8.
467 3004 490 3041 9
565 3016 642 3043 scr.
676 3001 876 3042 Ruricius
910 3001 962 3042 ad
996 3000 1219 3042 Sidonium
1251 3001 1504 3056 episcopum
1537 3015 1574 3042 a.
1598 3003 1912 3053 469s70—479.

261 3068 311 3109 R.
345 3069 363 3108 I
401 3071 447 3108 14
562 3084 640 3110 scr.
674 3070 874 3110 Ruricius
908 3069 1114 3111 Gurdone
1148 3070 1206 3125 (p.
1232 3071 1327 3120 308,
1347 3072 1385 3122 4,
1419 3070 1472 3113 cf.
1503 3084 1544 3125 p.
1569 3070 1772 3125 304,15).

262 3136 310 3177 R.
344 3137 361 3176 I
400 3141 447 3177 15
563 3153 640 3179 scr.
652 3138 1342 3195 Ruricius,cumLeontio(p.308,
1357 3142 1374 3180 1
1390 3138 1908 3193 l)AeoniusArelatensis
1920 3144 2020 3181 ante
2033 3142 2161 3183 a.494
2175 3139 2393 3181 successit.

261 3204 311 3246 R.
345 3205 362 3244 I
402 3208 446 3245 16
563 3221 642 3248 scr.
675 3206 874 3248 Ruricius
908 3207 961 3248 ad
995 3207 1216 3249 Sidonium
1249 3212 1349 3249 ante
1382 3221 1419 3250 a.
1444 3209 1539 3248 479.

262 3272 311 3313 R.
346 3273 362 3312 I
402 3276 461 3316 17.
500 3276 547 3315 18
582 3282 623 3316 ct
655 3275 691 3315 R
722 3275 780 3323 II,
813 3278 837 3316 6
871 3276 924 3317 ad
956 3276 1084 3317 finem
1115 3277 1215 3318 libri
1248 3276 1302 3331 (?)
1337 3290 1416 3318 scr.
1450 3275 1650 3318 Ruricius
1684 3278 1915 3333 episcopus
1947 3278 2100 3319 factus.

263 3341 313 3383 R.
347 3341 387 3381 II
422 3344 445 3382 6
564 3358 640 3384 scr.
674 3344 874 3385 Ruricius
907 3344 959 3385 ad
993 3344 1284 3401 Chronopium
1319 3359 1394 3401 pro
1427 3344 1619 3386 dioecesi
1652 3344 1959 3387 Gemiliacensi
1993 3345 2052 3402 (p.
2074 3346 2280 3402 316,19).

263 3409 312 3450 I'.
344 3410 388 3450 II
419 3412 456 3452 S.
491 3414 527 3452 9.
568 3414 614 3452 16
649 3427 729 3455 scr.
761 3412 961 3454 Ruricius
995 3413 1047 3454 ad
1081 3413 1295 3455 Aeonium
1326 3413 1631 3454 Arelatensem
1663 3418 1763 3455 ante
1795 3428 1833 3455 a.
1857 3416 1953 3457 502.

264 3478 313 3518 R.
348 3478 391 3518 II
423 3480 487 3520 22.
524 3482 574 3519 29
608 3496 685 3521 scr.
720 3481 920 3522 Ruricius
952 3481 1005 3522 ad
1037 3481 1285 3523 Eufrasium
1318 3482 1571 3537 episcopum
1603 3478 1847 3524 Arvernum
1880 3497 1917 3525 a.
1941 3485 2166 3524 491-515
2200 3498 2268 3525 ex.

264 3546 311 3587 R.
346 3546 386 3587 II
422 3549 471 3587 23
563 3563 639 3589 scr.
674 3549 872 3590 Ruricius
906 3550 959 3590 ad
991 3550 1152 3591 Verum
1187 3552 1435 3606 episcopum
1468 3550 1766 3593 Turonensem
1799 3566 1837 3595 a.
1861 3553 2101 3595 496-507.

263 3615 314 3655 R.
346 3615 388 3655 II
422 3618 467 3656 31
564 3631 640 3657 scr.
675 3616 872 3659 Ruricius
906 3618 958 3660 de
992 3619 1178 3660 civitatis
1212 3619 1502 3675 (Arelatensis
1535 3634 1572 3662 a.
1599 3620 1732 3675 5021)
1765 3620 2030 3662 ordinatione
2065 3622 2124 3676 (p.
2148 3623 2244 3674 335,
2266 3621 2321 3676 7).

264 3683 313 3724 R.
347 3683 388 3723 II
422 3686 473 3724 33
563 3686 795 3741 respondet
826 3687 1026 3728 Ruricius
1061 3687 1254 3730 Caesarii
1289 3689 1502 3744 epistulae
1534 3688 1626 3732 FA.
1658 3688 1747 3730 XII
1778 3703 1816 3732 a.
1841 3692 1923 3731 506
1956 3691 2156 3746 scriptae.
