2583 4011
842 175 1108 211 AUCTORUM
1137 175 1334 212 SIDONIO
1360 177 1696 215 ANTERIORUM.

339 289 587 333 SIDONII
610 289 966 334 EPISTULAR
976 289 1073 332 UM

167 359 217 394 IX
232 360 314 400 2‚2:
340 359 410 393 hoc
434 369 534 393 more
566 360 606 392 tu
642 361 681 392 et
710 359 861 393 olorinis
896 357 1067 393 cantibus
1092 368 1238 391 anseres

304 426 410 450 ravos
454 416 492 448 et
535 414 756 450 modificatis
802 415 1039 450 lusciniarum
1077 414 1237 458 querelis

304 471 543 516 inproborum
564 483 751 516 passerum
773 472 1054 517 fringultientes
1072 482 1237 506 susurros

304 528 384 563 iure
404 528 612 564 sociaveris.
648 530 689 572 cf.
702 541 729 564 c,
750 529 851 564 XXII
870 531 944 571 §32
963 540 1084 563 coram
1103 540 1238 563 canoro

303 597 424 631 cygno
450 597 577 620 ravum
603 597 771 621 anserem
798 587 1022 631 profitemur.

166 653 214 688 IX
229 655 283 694 3,1
304 667 311 688 :
337 655 461 689 servat
485 655 790 690 consuetudinem
818 667 932 690 suam.
975 655 1019 698 cf.
1040 655 1087 689 III
1103 656 1168 694 Sul,

165 722 214 756 IX
229 723 311 765 3,2:
339 722 574 757 condiciones
600 722 856 759 discordiosas
895 725 938 766 cs.
961 723 1009 758 VI
1024 724 1090 761 24.

164 790 310 832 1x3,3:
337 790 481 825 litteras
507 791 618 836 paulo
647 792 847 836 politiores.
889 793 931 834 cf.
953 793 962 826 1
983 793 1046 830 1.1.

165 860 214 894 IX
229 860 312 900 3‚4:
340 862 381 894 ut
418 859 541 904 portio
582 862 707 894 nostra
749 861 799 895 sit
836 860 1007 895 dominus
1045 863 1158 904 atque
1196 863 1233 894 ut

300 917 453 962 ascripti
480 917 611 951 turmis
637 918 902 952 contribulium
923 917 1134 952 Levitarum
1164 930 1234 952 uon

301 985 557 1009 remaneamus
610 976 765 1016 terreni,
823 975 959 1019 quibus
1016 979 1110 1009 terra
1163 987 1234 1009 nou

302 1034 469 1066 remanet
492 1043 517 1066 e.
535 1043 567 1075 q.
585 1043 650 1076 seq.

163 1272 212 1307 IX
226 1273 283 1313 δῶ
302 1285 308 1306 :
335 1275 457 1308 vestra
473 1283 584 1316 quam
600 1271 823 1316 sumpsimus
838 1271 1010 1316 epistula.
1037 1273 1080 1314 cf.
1098 1273 1126 1306 II
1148 1274 1233 1308 121.

268 1401 274 1421 :
302 1387 565 1422 medioximum
593 1387 782 1431 quiddam.

162 1560 211 1595 IX
226 1561 308 1601 355:
336 1560 540 1603 temperavi
576 1559 663 1594 stilo
698 1560 999 1604 temperahoque.
1041 1561 1084 1601 esi
1105 1559 1152 1594 IV
1167 1560 1233 1599 3‚1.

265 1631 272 1652 :
299 1617 472 1662 operibus
499 1616 722 1652 incumbere.
764 1617 811 1659 cf.
832 1617 928 1657 I3,1.
957 1616 1043 1651 VIII
1057 1618 1125 1657 4‚1.

161 1675 210 1709 IX
224 1674 279 1715 35
300 1688 306 1709 :
333 1674 395 1709 sed
409 1674 481 1709 ista
491 1685 664 1718 quorsum
679 1674 837 1709 stolidus
848 1674 971 1719 allego
987 1675 1042 1717 (cf.
1055 1674 1104 1708 IV
1118 1675 1234 1718 17,1)‘.2

298 1743 385 1766 nam
403 1731 514 1766 nimis
533 1731 721 1776 deprecari
740 1731 903 1777 ineptias
922 1732 1021 1777 ipsas
1048 1734 1104 1766 est
1130 1732 1234 1777 inep-

298 1789 494 1824 tissimum.

264 1861 271 1882 :
298 1858 375 1882 rem
400 1846 598 1892 discingas.
638 1846 680 1889 cfl
700 1847 814 1887 1172.
842 1847 972 1888 [1192.

264 1918 271 1939 :
297 1904 327 1939 si
353 1903 541 1939 sententia
565 1905 631 1938 tua
649 1904 844 1950 quippiam
862 1916 973 1949 super
990 1905 1046 1939 his
1065 1905 1233 1949 apicibus

295 1962 478 2006 antiquet.
546 1964 635 1997 tunc
670 1963 768 1998 enim
807 1962 941 1997 certius
980 1965 1017 1998 te
1058 1963 1234 2008 probasse

296 2020 441 2064 reliqua
466 2020 656 2066 gaudebo,
691 2020 721 2054 si
747 2020 919 2055 liturasse
945 2020 1072 2064 aliqua
1097 2032 1233 2066 cogno-

296 2088 393 2112 vero.

157 2135 206 2170 IX
222 2136 304 2177 4,1:
331 2135 496 2181 spatium
523 2136 605 2170 viae
737 2146 847 2180 saepe
872 2135 1080 2181 relegendo.

262 2265 269 2286 :
297 2262 340 2286 ex
366 2261 467 2285 more
575 2260 618 2284 ex
645 2260 777 2286 amore.
818 2251 1053 2293 cf1V1116,1.

159 2366 208 2400 IX
222 2366 279 2407 42
296 2377 345 2410 sq.
366 2378 373 2399 :
397 2364 691 2400 amaritudinum
706 2367 935 2400 terrenarum
951 2365 1083 2400 calices
1150 2393 1157 2400 .
1170 2392 1192 2400 ..
1205 2392 1211 2399 .
1225 2392 1231 2399 .

296 2424 514 2465 toleramus,
547 2423 577 2458 si
610 2423 859 2465 recordamur,
898 2423 988 2467 quid
1015 2423 1153 2458 biberit
1185 2423 1232 2458 ad

297 2482 511 2527 patibulum
537 2481 601 2526 qui
628 2481 767 2516 invitat
793 2481 840 2516 ad
866 2481 1020 2516 caelum.

158 2540 209 2574 IX
223 2540 276 2580 5‚1
298 2553 305 2574 :
331 2540 434 2585 pacis
461 2567 468 2574 .
484 2566 492 2574 .
508 2567 515 2573 .
541 2539 764 2584 pactionem.

159 2597 207 2631 IX
223 2598 280 2635 62
297 2610 305 2632 :
331 2598 544 2633 retractare.

263 2726 270 2746 ι
297 2714 478 2757 quantum
506 2712 552 2747 de
577 2711 791 2747 bonusculis
809 2739 816 2746 .
833 2739 840 2747 .
857 2739 863 2746 .
881 2711 1047 2756 paternis
1066 2738 1073 2746 .
1090 2739 1097 2746 .
1113 2739 1119 2745 .
1138 2710 1232 2745 abli-

296 2770 487 2815 guirisset.

264 2841 271 2862 :
297 2828 565 2872 sumptuositas
591 2827 815 2862 domesticae
842 2827 1058 2871 Charybdis.

263 2898 270 2919 :
298 2885 414 2920 veluti
440 2885 563 2919 frenos
589 2885 798 2920 momordit.

160 3057 208 3091 IX
223 3058 280 3098 6‚3
297 3071 304 3092 ε
331 3059 451 3092 totum
479 3084 486 3091 .
503 3085 510 3091 .
526 3085 532 3090 .
559 3056 734 3091 incidere.
775 3056 818 3099 cf.
838 3056 949 3096 111‚4.
978 3055 1044 3089 VII
1062 3056 1127 3095 7‚5.

158 3114 209 3148 IX
225 3116 280 3156 6‚4
300 3129 306 3149 :
333 3115 410 3150 filio
436 3126 508 3149 uno
535 3115 700 3149 alterove
719 3113 900 3158 susceptis
927 3115 979 3155 (et
996 3113 1107 3147 nimis
1125 3113 1228 3153 dixi).

158 3401 210 3436 IX
226 3403 277 3443 7,1
298 3415 305 3436 :
332 3401 490 3437 scribam
516 3430 523 3438 .
539 3430 546 3437 .
562 3429 570 3437 .
586 3430 593 3438 .
619 3401 769 3438 schedio
795 3400 974 3436 emunxit.
1014 3400 1058 3443 cf.
1077 3399 1146 3433 Vll
1162 3398 1230 3440 28.

263 3473 270 3494 :
296 3459 370 3494 fors
394 3460 486 3494 fuat.
526 3461 567 3504 cf.
585 3461 620 3495 II
633 3461 724 3502 2‚17.

159 3517 211 3551 IX
225 3518 282 3558 7,3
299 3530 307 3551 :
334 3517 495 3552 caesuris
519 3517 793 3553 insolubilibus.
835 3516 880 3560 cf.
899 3516 987 3551 VIII
1002 3515 1092 3556 152.

265 3588 271 3609 :
299 3576 513 3618 (structura)
547 3575 639 3610 levis
674 3603 682 3611 .
704 3603 710 3610 .
732 3603 739 3610 .
761 3602 768 3609 .
806 3585 853 3608 ne
884 3573 1089 3608 salebrosas
1123 3582 1230 3616 passa

296 3631 489 3666 iuncturas
520 3633 574 3677 (ef.
591 3644 618 3668 c.
645 3634 696 3667 IX
711 3634 769 3676 15)
801 3659 808 3666 .
824 3659 830 3665 .
847 3659 877 3666 ..
909 3629 1115 3669 balbutiat;
1150 3630 1231 3662 tota

297 3688 459 3733 denique
492 3690 638 3734 liquida
668 3701 817 3735 prorsus
849 3690 886 3722 et
911 3687 1078 3728 ductilis,
1112 3686 1231 3721 veluti

2292 181 2375 222 379

1320 358 1411 402 Vera.
1430 359 1526 402 eclog).
1549 359 1597 393 IX
1612 360 1656 392 :35
1675 370 1722 402 sq.
1742 373 1748 393 :
1777 359 1902 394 videor
1920 363 2072 402 argutos
2099 361 2197 396 inter
2214 363 2377 406 strepere

1354 426 1461 450 anser
1478 416 1606 450 olores.
1649 417 1690 458 esi
1710 418 1840 460 Symm.
1863 417 1873 450 l
1895 418 1945 454 1,4
1965 431 1971 451 ε
1999 418 2109 452 liceat
2135 418 2232 452 inter
2257 418 2375 453 olores

1355 483 1507 506 canoros
1533 484 1698 507 anserem
1726 476 1900 517 strepere.

1308 655 1438 699 Synna.
1468 655 1514 689 IX
1536 657 1606 695 15,1
1629 668 1635 689 :
1662 654 1967 689 consuetudinem
1995 666 2111 690 meam
2139 668 2253 690 servo.

1310 724 1397 759 Sall.
1424 724 1500 768 Ing).
1527 725 1632 764 (56:2:
1661 723 1790 766 volgus
1819 751 1826 758 .
1844 750 1851 758 .
1868 751 1875 758 .
1903 723 2177 759 discordiosum.

1308 861 1418 896 Num.
1448 860 1567 894 XVIII
1585 863 1653 895 20:
1682 861 1719 895 in
1747 864 1843 895 terra
1869 871 1994 895 eorum
2021 860 2113 895 nihil
2142 862 2377 906 possidebitis

1354 929 1419 952 nec
1457 918 1643 952 habebitis
1680 921 1822 963 partem
1862 918 1959 952 inter
1991 929 2084 952 eos:
2119 929 2187 963 ego
2222 931 2305 964 pars
2342 924 2376 954 vt

1353 975 1538 1009 heredita-x
1572 979 1637 1009 tua
1671 976 1708 1010 in
1744 975 1864 1010 medio
1900 976 2058 1010 filiorum
2095 976 2217 1011 Israel.
2269 976 2374 1012 Dent.

1354 1032 1475 1066 XVIII
1492 1034 1506 1066 1
1527 1044 1575 1076 sq.
1594 1046 1600 1067 :
1629 1045 1701 1067 non
1726 1032 1917 1067 habebunt
1934 1033 2142 1068 sacerdotes
2172 1036 2209 1068 et
2228 1034 2378 1068 Levitae

1351 1092 1389 1123 et
1414 1101 1540 1124 omnes
1571 1090 1633 1134 qui
1670 1090 1714 1124 de
1744 1090 1870 1125 eadem
1905 1090 2004 1125 tribu
2031 1093 2132 1132 sunt,
2171 1094 2313 1136 partem
2341 1095 2378 1126 et

1352 1146 1596 1181 hereditatem
1635 1160 1660 1182 e.
1690 1160 1720 1191 q.
1751 1159 1817 1191 seq.
1850 1148 1895 1182 il).
1920 1148 1949 1182 X
1973 1150 2003 1183 9.
2079 1148 2181 1183 Iosue
2216 1149 2299 1183 XIII
2326 1150 2377 1184 14.

1354 1204 1486 1238 Psalm.
1512 1204 1638 1239 XV5:
1665 1205 1835 1239 dominus
1862 1217 1944 1250 pars
1972 1206 2189 1241 hereditatis
2216 1218 2328 1242 meae.

1306 1274 1437 1317 Symm.
1467 1274 1569 1308 135ss
1592 1286 1598 1307 :
1625 1274 1722 1317 quod
1764 1274 1886 1307 nullas
1917 1275 2056 1319 sumpsi
2093 1275 2237 1310 litteras
2278 1279 2378 1312 tuas.

1352 1329 1419 1364 VII
1434 1331 1455 1363 ἴ)
1474 1343 1481 1364 :
1507 1330 1706 1374 epistulam
1734 1332 1885 1376 sumpsi.
1931 1334 1971 1374 cll
1992 1332 2022 1366 V
2037 1334 2092 1367 3¹).
2130 1332 2157 1366 V
2174 1333 2229 1367 94.
2264 1333 2328 1367 VH
2345 1335 2376 1368 ⁴5.

1308 1387 1470 1421 Illamert.
1496 1386 1622 1423 Claud.
1643 1388 1685 1421 (le
1709 1392 1790 1422 stat.
1812 1389 1922 1424 (mim.
1948 1390 2000 1424 111
2020 1391 2060 1425 14
2079 1403 2085 1424 :
2112 1390 2377 1425 medioximum

1350 1444 1541 1488 quiddam.
1591 1446 1635 1487 cs.
1671 1446 1791 1480 Plaut.
1820 1446 1902 1480 (fist.
1936 1447 2065 1488 111‚37
2092 1460 2098 1481 :
2138 1447 2376 1483 medioxumi.

1353 1502 1394 1536 il).
1421 1502 1560 1543 113,ss7.

1308 1617 1404 1651 Plin.
1425 1616 1494 1651 Vll
1508 1617 1612 1659 ‘2192
1639 1618 1730 1653 ceris
1756 1620 1794 1653 et
1819 1618 1906 1653 stilo
1930 1618 2124 1653 incumbit.

1308 1674 1405 1709 Plin.
1433 1675 1482 1709 IV
1498 1675 1601 1715 1435:
1628 1675 1691 1710 sed
1725 1675 1816 1720 quid
1850 1688 1919 1721 ego
1952 1677 2086 1722 plura?
2137 1677 2232 1711 Nam
2268 1676 2379 1722 longa

1352 1732 1583 1777 praefatione
1613 1733 1669 1768 vel
1697 1744 1871 1768 excusare
1904 1734 1958 1769 vel
1994 1734 2251 1769 commendare
2276 1734 2379 1778 inep-

1351 1790 1423 1824 tias
1449 1790 1724 1834 ineptissimum
1750 1793 1817 1826 est.

1307 1905 1404 1940 le.
1429 1906 1599 1947 11113.5:
1627 1907 1737 1948 illud,
1762 1906 1902 1942 adnota
1927 1918 2022 1951 quae
2049 1906 2240 1952 putaveris
2266 1907 2377 1941 corri-

1348 1963 1481 2008 genda.
1532 1964 1589 1998 [ta
1615 1965 1712 1999 enim
1737 1964 1856 2009 magis
1883 1964 2026 1999 credam
2046 1967 2169 1999 cetera
2196 1965 2264 1999 tibi
2297 1965 2374 2009 pla·

1349 2032 1441 2063 cere,
1467 2021 1495 2056 si
1524 2022 1706 2066 quaedam
1733 2022 1967 2068 displicuisse
1993 2033 2212 2068 cognovero.

1304 2135 1395 2171 Stat.
1421 2136 1506 2172 Ach.
1534 2137 1548 2171 I
1570 2137 1614 2171 23
1640 2149 1647 2171 ε
1678 2136 1871 2181 relegebat
1904 2137 1986 2172 iter.

1348 2194 1512 2239 relegere
1538 2194 1620 2230 iter.

1301 2252 1430 2296 Symm.
1456 2253 1628 2294 111592:
1655 2263 1697 2286 ex
1724 2263 1824 2287 more
1849 2251 1975 2287 delata
2000 2254 2098 2293 sunt,
2125 2253 2231 2288 nobis
2251 2264 2375 2288 amore

1347 2311 1504 2344 servata.
1555 2309 1605 2344 IV
1622 2311 1662 2345 14
1682 2324 1689 2345 ε
1716 2321 1816 2345 more
1841 2313 1878 2345 et
1903 2321 2027 2345 amore
2053 2310 2261 2346 solvendus.

1305 2366 1436 2402 Matth.
1464 2366 1530 2401 XX
1544 2368 1614 2402 22:
1641 2368 1796 2413 potestis
1823 2367 1949 2402 bibere
1973 2367 2137 2403 calicem.
2170 2380 2279 2413 quem
2307 2381 2376 2414 ego

1349 2424 1532 2460 bibiturus
1560 2428 1665 2461 sum?
1704 2428 1745 2469 cll
1773 2426 1888 2460 Marc.
1915 2426 2017 2461 X38.

2050 2138 2179 2182 δζιχηωη.
2206 2137 2274 2172 VII
2295 2138 2341 2172 40
2367 2151 2373 2171 :

1303 2540 1372 2576 Cic.
1399 2541 1554 2585 Philipp.
1582 2542 1668 2576 XIII
1688 2544 1768 2585 1,2:
1795 2541 1920 2587 pactio
1948 2541 2061 2587 pacis.

1300 2598 1609 2641 Plfm.V11‘24‚82
1635 2600 1815 2645 gaudium
1841 2599 2035 2634 scribendo
2062 2600 2273 2633 retractare.

1345 2657 1386 2699 cf.
1413 2656 1541 2702 Saymm.
1560 2657 1629 2693 VII
1644 2658 1698 2693 70.

1305 2713 1436 2749 Terent.
1455 2715 1603 2750 evmueh.
1621 2716 1656 2750 II
1669 2716 1725 2757 2,4
1743 2716 1840 2760 (235)
1855 2729 1862 2750 :
1884 2715 2007 2760 patria
2024 2714 2089 2759 qui
2108 2714 2375 2759 abligurrierat

1346 2771 1455 2807 bona.

1300 2828 1389 2863 Hor.
1416 2840 1444 2863 c.
1472 2829 1628 2874 127,19:
1655 2832 1798 2875 quanta
1824 2829 2021 2865 laborabas
2047 2829 2245 2874 Charybdi.

1301 2886 1370 2920 Cic.
1395 2886 1463 2931 [acl
1485 2888 1594 2932 fam]
1620 2887 1671 2921 XI
1685 2888 1791 2929 24‚2:
1817 2889 1961 2922 frenum
1988 2887 2181 2921 momordi.

1298 2942 1387 2978 Stat.
1412 2944 1486 2979 silv.
1512 2944 1625 2987 1228
1641 2955 1689 2988 sq.
1719 2958 1726 2979 :
1763 2945 1869 2980 frena
1902 2944 2100 2979 momordit
2133 2944 2197 2979 ille
2231 2944 2374 2978 solutus

1345 3013 1458 3036 amor.

1300 3117 1397 3151 le.
1424 3116 1555 3161 Pcmefs.
1579 3118 1653 3151 45:
1681 3118 1836 3162 excepto
1871 3144 1878 3152 .
1897 3144 1903 3152 .
1920 3144 1928 3152 .
1960 3128 2034 3152 uno
2069 3119 2136 3151 aut
2167 3116 2286 3151 altero
2321 3117 2373 3158 (et

1345 3173 1455 3208 nimis
1480 3173 1584 3218 dixi).
1635 3174 1735 3208 Pzaessn.
1761 3175 1795 3209 II
1821 3176 1923 3216 l3,3:
1950 3187 2044 3210 unus
2081 3176 2148 3209 aut
2181 3174 2294 3214 alter,
2329 3184 2371 3207 ac

1345 3231 1471 3276 potius
1497 3243 1603 3267 unus,
1654 3231 1703 3265 IV
1718 3232 1798 3273 3‚1:
1825 3244 1920 3267 unus
1946 3234 2013 3268 aut
2037 3233 2133 3267 alter
2166 3233 2255 3275 (non
2282 3230 2373 3264 sinit

1346 3289 1445 3323 enim
1470 3300 1529 3323 me
1554 3288 1778 3323 verecundia
1803 3290 1870 3324 tua
1895 3290 2017 3325 dicere
2037 3304 2044 3324 :
2071 3291 2205 3332 nemo).

1345 3347 1390 3389 cf.
1409 3347 1461 3381 III
1479 3347 1567 3387 11‚‹;.
1598 3346 1649 3382 IV
1662 3347 1730 3388 4‚3.
1758 3346 1827 3382 V11
1844 3348 1930 3388 17‚7.
1963 3347 2013 3382 IX
2031 3348 2118 3388 103.

1302 3573 1401 3608 Pers.
1417 3577 1484 3608 sat.
1511 3573 1584 3607 163
1600 3583 1675 3616 sq.:
1705 3572 1814 3614 „Quis
1840 3572 1969 3617 populi
1996 3582 2113 3606 sermo
2140 3571 2239 3605 est‘?“
2281 3569 2370 3613 Quis

1347 3630 1474 3665 enim?
1513 3629 1583 3664 nisi
1610 3629 1775 3663 carmina
1800 3629 1903 3664 molli
1928 3641 2027 3663 nunc
2053 3628 2200 3662 demum
2218 3639 2370 3662 numero

1346 3689 1475 3729 fluere,
1513 3688 1556 3720 ut
1597 3697 1663 3731 per
1702 3687 1783 3721 leve
1820 3697 1963 3720 severos
2001 3685 2168 3721 effundat
2198 3685 2371 3719 iunctura.

2020 3788 2096 3823 48*
