2583 4011
935 197 1076 230 LIBER
1105 197 1130 233 Ι,
1166 196 1195 230 X
1223 198 1243 239 ,ξ
1268 198 1289 231 4
1316 218 1357 222 —
1386 197 1468 230 XIV
1496 199 1516 239 ᾗ
1548 198 1573 231 1.
2273 199 2352 238 307

152 314 330 356 delicias
364 313 620 358 contulistis,
651 318 725 354 aut
758 318 890 362 certe,
924 313 957 354 si
991 312 1089 368 quid
1124 312 1450 364 h‹›1·umdefuit‚
1485 312 1777 367 deputandum
1803 312 1997 367 tempori,
2032 326 2115 352 non
2140 313 2262 353 vobis
2287 317 2353 353 est

152 383 464 439 imputandum.
524 397 623 423 nam
655 386 791 423 totum
824 383 937 439 apud
970 397 1068 434 vos,
1101 382 1214 437 qued
1247 396 1393 422 carum
1426 386 1599 438 pectus,
1633 382 1746 437 quod
1780 382 1930 423 habuit
1962 383 2123 423 clarum
2157 382 2355 428 1110111103,

153 453 306 494 inveni.
360 451 478 493 nulla
510 465 577 492 me
610 452 784 507 penitus
818 452 1086 493 iucunditate
1120 451 1367 497 fraudastis,
1402 452 1503 506 quin
1538 452 1669 492 etiam
1700 450 1989 492 desiderabile
2013 452 2114 491 milii
2140 452 2356 507 hospitioli

150 523 236 564 mei
268 521 490 562 desertum
513 524 658 561 vestra
682 521 898 563 vicinitate
932 521 1114 563 fecistis.
1170 525 1213 561 et
1247 520 1404 561 ideireo
1438 535 1506 561 me
1541 520 1678 574 magis
1713 520 1938 560 finitimum
1975 520 2095 560 vobis
2128 537 2223 561 esse
2257 535 2356 560 con-

99 602 113 624 5
151 590 334 646 gaudee,
362 590 462 644 quia
483 603 567 630 non
591 603 646 630 ex
667 594 755 630 toto
779 591 916 631 malus
940 595 1020 641 est,
1043 590 1113 645 qui
1137 589 1262 630 benis
1286 590 1490 643 iungitur.
1539 588 1614 630 sed
1639 603 1692 629 ne
1717 588 1923 628 exhibeat
1945 589 2066 628 vobis
2093 604 2167 629 seu
2197 591 2357 645 ineptia

85 951 116 973 lo

83 1783 117 1806 2U

90 2492 124 2516 30

94 3274 128 3298 40

152 674 229 701 seu
261 660 430 714 longior
463 673 604 700 sermo
637 659 879 708 fastidium,
920 660 1039 700 salve
1074 659 1363 713 largissimum
1396 658 1492 700 dico
1527 664 1569 700 et
1604 658 1849 705 vitrarium,
1892 658 2003 698 sieut
2036 659 2243 702 iussistis.
2290 674 2357 699 me

153 730 395 771 destinasse
429 728 636 783 significo,
670 729 792 770 cuius
826 744 934 784 opus
969 730 1105 770 nitore
1138 743 1222 769 non
1256 729 1495 783 fragilitate
1530 732 1700 783 oportet
1724 727 1926 773 imitetur,
1964 732 2006 767 ut
2030 727 2215 768 dileetio.
2250 743 2359 782 quae

150 800 275 841 nobis
309 813 333 839 a
364 798 618 854 parentibus
652 799 816 849 relicta,
856 813 880 839 a
913 799 1119 853 magistro
1153 798 1323 847 tradita,
1358 799 1472 838 vitae
1507 798 1807 838 communione
1840 798 2008 837 firmata
2040 802 2119 843 est,
2153 797 2357 837 secundis

153 870 364 916 elimetur,
407 867 601 909 adversis
641 868 760 909 nulla
799 869 972 923 penitus
1017 868 1234 909 turbinum
1278 867 1471 923 procella
1512 868 1749 921 frangatur.
1813 880 1908 906 nam
1953 866 2064 906 sicut
2109 866 2360 920 0111101110(-

152 938 319 994 argenti
352 938 542 993 pretiosa
576 937 817 985 sinceritas,
857 938 890 978 si
924 938 1039 979 aeris
1072 942 1146 978 aut
1178 937 1342 993 plumbi
1378 936 1444 977 vel
1479 936 1711 977 cuiuslibet
1742 936 1921 977 alterius
1956 935 2163 976 materiae
2199 935 2361 974 vilioris

152 1009 294 1050 fuerat
349 1007 615 1048 admixtione
672 1012 897 1064 corrupta,
953 1008 1033 1048 nisi
1088 1007 1249 1061 ignium
1297 1006 1618 1047 examinatione
1671 1010 1901 1061 purgetur,
1960 1019 2039 1045 nec
2087 1004 2360 1059 splendorem

152 1077 393 1119 naturalem
426 1077 587 1132 poterit
618 1077 782 1118 habere
822 1090 900 1118 nee
944 1090 1119 1123 sonum,
1163 1091 1262 1116 nam
1306 1090 1384 1117 1100
1418 1076 1528 1116 visui
1573 1076 1814 1117 claritatem
1857 1090 1936 1115 1101·
1980 1074 2180 1114 tinnitum
2224 1073 2362 1114 reddit

152 1147 315 1190 auditui
346 1147 571 1202 magisque
604 1160 783 1188 raucum
816 1150 1005 1193 resonat,
1049 1146 1083 1187 si
1113 1145 1305 1190 feriatur,
1346 1149 1389 1185 ct
1427 1143 1671 1191 stridulum,
1710 1170 1724 1183 2⁶
1756 1169 1769 1185 1
1802 1169 1815 1184 1
1848 1169 1860 1183 t
1893 1170 1906 1183 1.
1939 1169 1951 1181 ff
1985 1174 1991 1183 η
2030 1169 2043 1183 1

289 1216 417 1258 Hanc
449 1230 552 1272 ergo
585 1216 847 1258 sententiam
876 1230 961 1257 non
995 1229 1136 1256 meam
1170 1213 1247 1256 sed
1281 1213 1455 1260 domini,
1492 1214 1625 1255 frater
1647 1214 1823 1269 optime.
1857 1217 2112 1255 contuentes
2135 1213 2298 1267 pariter
2322 1216 2364 1252 et

110 1307 115 1319 ι
152 1291 404 1342 sequentes,
448 1286 507 1327 ita
538 1286 671 1327 vitam
703 1289 896 1327 nostram
929 1284 1073 1326 medio
1106 1298 1233 1325 cursu
1267 1283 1559 1339 gubernatore
1603 1284 1695 1339 ipso
1737 1283 1910 1324 domino
1950 1287 2263 1338 temperemus,
2305 1286 2364 1327 ut,

154 1355 349 1412 quamvis
383 1354 595 1396 serenitas
629 1353 830 1406 arrideat,
862 1354 1113 1410 prosperior
1145 1354 1272 1394 flatus
1300 1353 1468 1402 invitet,
1501 1366 1618 1394 mare
1643 1352 1860 1408 placidum
1885 1351 2144 1399 blandiatur,
2177 1352 2364 1392 scientes

153 1429 312 1477 tamen,
336 1424 454 1465 illam
473 1424 676 1478 aequoris
696 1423 879 1465 subiecti
897 1423 1123 1479 planitiem
1142 1422 1197 1463 ad
1214 1423 1352 1463 instar
1371 1422 1578 1463 montium
1596 1426 1773 1477 repente
1793 1436 2069 1475 csmsurgere,
2092 1434 2363 1474 nequaquam

154 1495 195 1536 in
215 1495 347 1536 altum
369 1507 523 1535 navem
542 1496 734 1534 nostram
754 1493 971 1548 patiamur
988 1492 1166 1549 impelli,
1189 1491 1262 1535 ubi
1280 1505 1376 1533 eam
1395 1494 1470 1532 aut
1487 1495 1726 1546 tempestas
1748 1491 1886 1532 solvat
1903 1494 1976 1531 aut
1994 1489 2109 1530 unda
2128 1488 2363 1542 demergat.

1198 1677 1323 1720 XIII.

644 1769 858 1811 DOMNO
891 1769 1187 1811 PECTORIS
1221 1769 1318 1812 SUI
1352 1769 1540 1811 CELSO
1574 1767 1875 1810 RURICIUS.

298 1841 462 1899 limam
496 1857 642 1914 apices
675 1858 972 1913 germanitatis
1005 1864 1121 1910 tuae,
1154 1859 1225 1913 qui
1255 1858 1361 1899 mihi
1384 1872 1469 1899 non
1493 1871 1643 1913 parum
1669 1855 1859 1911 scrupuli
1886 1854 2160 1896 rettulerunt.
2215 1867 2368 1893 vereor

154 1927 287 1975 enim,
328 1942 382 1969 ne
421 1941 547 1969 secus
586 1927 639 1969 de
677 1928 881 1969 litterulis
920 1929 1029 1970 meis
1072 1942 1200 1983 quam
1233 1943 1258 1970 a
1289 1943 1358 1969 me
1398 1928 1556 1969 missae
1590 1930 1688 1967 sunt
1719 1924 1942 1966 senseritis
1976 1928 2019 1964 et
2053 1922 2211 1963 idcirco
2244 1923 2366 1977 quasi

154 1998 413 2040 temerariae
446 1998 815 2054 praesumptionis
847 2013 917 2039 me
949 2002 1101 2039 notare
1136 1997 1387 2042 videamini,
1431 1997 1554 2049 dum,
1598 2001 1645 2038 ut
1684 2010 1762 2051 pro
1796 1994 1919 2035 vobis
1960 2007 2077 2033 orem
2111 2006 2159 2033 ac
2194 1992 2367 2047 saepius

154 2081 471 2115 commoneam,
504 2067 747 2124 postulatis.
810 2081 969 2122 egone,
1004 2067 1139 2108 frater
1171 2067 1355 2123 optime,
1390 2067 1603 2122 castigare
1637 2079 1714 2106 vos
1747 2063 1952 2112 audeam,
1995 2062 2064 2117 qui
2098 2075 2165 2101 me
2199 2075 2367 2116 nequeo

109 2155 116 2169 ›
155 2137 398 2192 castigare?
462 2151 602 2192 egone
636 2151 725 2185 vos,
759 2138 832 2193 qui
865 2151 934 2178 me
967 2137 1108 2179 adhuc
1142 2137 1184 2178 in
1218 2137 1382 2179 saeculi
1414 2136 1659 2178 turbinibus
1691 2139 1910 2188 tamquam
1944 2131 1987 2172 in
2021 2131 2150 2172 maris
2174 2130 2367 2171 aestibus

156 2206 314 2248 cumba
361 2206 553 2247 instabili
599 2207 880 2248 fluctuantem
927 2206 1051 2262 quasi
1099 2207 1183 2247 iam
1230 2205 1283 2247 de
1329 2205 1565 2247 sublimiori
1616 2203 1793 2260 specula
1834 2201 1901 2243 vel
1945 2199 2216 2241 eminentiori
2261 2199 2367 2239 00110

158 2275 400 2332 respicitis?
462 2272 600 2331 egone
635 2290 730 2329 vos,
774 2276 847 2331 qui
887 2275 941 2316 ad
981 2279 1155 2331 portum
1193 2275 1347 2316 veniae
1388 2289 1464 2330 per
1503 2271 1799 2330 paenitentiae
1842 2269 2156 2324 indulgentiam
2195 2267 2366 2309 domino

159 2345 449 2400 gubernatore
482 2349 598 2386 *212ss2st
651 2360 738 2387 non
771 2359 852 2401 ego
883 2345 1070 2400 penitus,
1102 2345 1237 2386 frater
1261 2344 1435 2389 dilecte,
1470 2344 1530 2385 sie
1557 2342 1723 2398 scripsi,
1758 2345 1804 2381 ut
1827 2340 1931 2381 mihi
1956 2337 2118 2393 aliquid
2142 2337 2368 2378 blandiens

158 2427 236 2456 vos
266 2414 461 2470 improbo
494 2414 622 2457 dente
654 2414 898 2457 morderem
938 2428 1019 2456 nec
1061 2418 1108 2455 ut
1139 2429 1216 2456 vos
1258 2413 1500 2465 laederem,
1546 2412 1623 2455 sed
1669 2411 1773 2452 mihi
1815 2409 2029 2466 epistulae
2074 2407 2369 2448 familiaritate

160 2483 382 2526 vincirem.
443 2498 544 2525 nam
576 2484 610 2525 si
642 2484 756 2527 bene
791 2483 1095 2530 consideretis,
1137 2488 1335 2525 votorum
1370 2488 1469 2524 sunt
1501 2482 1575 2523 illa
1611 2481 1745 2522 verba
1777 2494 1859 2521 non
1892 2482 2066 2520 actuum
2100 2482 2142 2518 et
2181 2476 2369 2533 optantis

161 2553 304 2609 potius
336 2567 465 2609 quam
506 2555 741 2604 monentis,
782 2554 882 2609 quia
920 2568 1005 2594 non
1045 2553 1145 2608 quid
1185 2566 1434 2608 ageremus,
1477 2552 1552 2593 sed
1592 2551 1777 2606 qualiter
1810 2549 1986 2600 vellem,
2030 2550 2077 2587 ut
2109 2546 2367 2595 viveremus,

161 2623 357 2678 exposui.
419 2627 612 2665 ceterum
645 2624 679 2665 si
712 2628 834 2665 actus
867 2624 983 2664 vitae
1016 2636 1139 2664 meae
1172 2623 1435 2678 praeteritae
1468 2620 1800 2676 praesentisque
1833 2617 2057 2669 discutias,
2101 2615 2282 2672 pudebit
2312 2620 2369 2666 te,

162 2692 312 2733 intimo
345 2697 388 2734 et
420 2693 715 2734 secretissimo
748 2693 882 2735 fratre
916 2697 1047 2745 teste,
1079 2692 1218 2742 ferre,
1261 2706 1370 2747 quae
1405 2705 1491 2732 non
1523 2689 1676 2746 puduit
1708 2688 1788 2729 deo
1822 2692 1933 2729 teste
1966 2686 2232 2742 promittere.
2295 2699 2371 2741 pro

162 2761 318 2817 quibus
350 2761 611 2804 facinoribus
644 2763 751 2805 meis
785 2777 913 2819 spero
946 2777 1022 2804 vos
1055 2763 1199 2818 potius
1231 2761 1404 2803 domino
1443 2759 1721 2816 supplicetis,
1764 2762 1811 2799 ut
1852 2772 1956 2813 quos
1994 2756 2036 2796 in
2078 2755 2157 2796 1100
2198 2754 2372 2796 saeculo

118 2851 124 2865 ν
161 2832 445 2874 amicitiarum
490 2837 533 2874 et
575 2833 909 2888 propinquitatis
948 2833 1085 2874 voluit
1124 2846 1222 2873 esse
1263 2835 1509 2873 consortes.
1561 2830 1600 2869 in
1642 2828 1790 2869 futuro
1833 2827 2042 2867 bonorum
2082 2824 2230 2866 iubeat
2275 2837 2370 2865 0330

161 2901 406 2957 participes.

1207 3016 1331 3058 XIV.

646 3107 866 3150 DOMNO
899 3106 1192 3149 PECTORIS
1227 3106 1325 3149 SUI
1358 3106 1547 3148 CELSO
1581 3104 1884 3148 RURICIUS.

302 3175 466 3243 EQUUM
515 3195 687 3250 qualem
736 3195 926 3236 iusseras
975 3194 1189 3236 destinavi
1237 3194 1571 3236 mansuetudine
1620 3193 1861 3250 placidum,
1917 3191 2122 3233 membris
2169 3189 2371 3237 validum,

163 3264 333 3306 firmum
364 3264 534 3317 robore,
567 3263 705 3306 forma
735 3268 1050 3320 praestantem,
1082 3264 1251 3306 factura
1283 3264 1584 3320 compositum,
1627 3262 1782 3305 animis
1814 3265 2104 3316 temperatum
2136 3273 2215 3301 1100
2246 3273 2372 3315 prae-

300 3403 322 3436 5
348 3404 446 3436 uobis
470 3402 544 3447 seu]
563 3404 696 3446 scripsi,
719 3401 791 3439 uoI‘]
816 3415 889 3437 esse
910 3401 953 3444 G,
978 3404 1077 3437 uobis
1102 3404 1175 3447 ipsa
1195 3403 1352 3436 canisius
1493 3402 1513 3435 6
1539 3401 1612 3445 seu]
1640 3402 1772 3445 scripsi,
1797 3401 1850 3433 sui
1873 3398 1906 3432 G
2045 3398 2067 3431 8
2092 3399 2319 3431 sssssssecundis
2339 3396 2371 3428 G

165 3459 208 3493 13
231 3472 286 3493 res
312 3467 513 3503 comparata
536 3473 609 3494 una
633 3473 707 3494 cum
732 3462 897 3495 sententia
922 3462 1052 3494 domini
1068 3461 1296 3502 desideratur,
1320 3466 1355 3492 ut
1373 3461 1502 3493 monuit
1518 3461 1709 3492 illommsen
1840 3457 1882 3490 16
1908 3456 2078 3499 quamuis]
2097 3455 2228 3497 scrip-si,
2252 3456 2321 3497 (1οᾗ
2340 3452 2372 3484 G

164 3519 325 3551 adreddat
351 3515 385 3550 G
533 3517 575 3551 17
606 3517 834 3562 nequaquam]
861 3519 993 3561 scripsi,
1026 3530 1173 3562 nequam
1201 3516 1233 3550 G
1386 3517 1428 3551 18
1458 3519 1568 3551 saluat
1595 3515 1628 3549 G
1730 3517 1897 3559 dimergat
1925 3512 1958 3546 G
2106 3512 2151 3545 ‘20
2175 3510 2312 3554 domno]
2341 3508 2374 3543 G

164 3573 209 3607 22
233 3587 253 3608 a
276 3587 329 3608 me
354 3577 531 3610 ammissae
559 3574 592 3609 G
699 3575 884 3619 senseritis]
912 3576 1124 3618 Lz'itjoltcmm,
1155 3576 1302 3609 inseritis
1330 3573 1374 3616 G,
1404 3576 1604 3608 censueritis
1632 3574 1789 3607 &anisius
1939 3570 1983 3603 23
2009 3582 2062 3603 me
2086 3567 2214 3611 notare]
2242 3569 2374 3610 scripsi,

164 3638 353 3666 menostrae
380 3631 413 3665 G
576 3633 621 3667 26
655 3635 884 3667 fructuantem
913 3631 946 3666 G
1109 3632 1154 3666 28
1187 3631 1434 3676 gubernatorell
1461 3630 1495 3665 G
1610 3632 1771 3674 suppleas
1802 3631 1867 3662 iam
1897 3628 2077 3671 appulistis
2191 3627 2314 3659 delicta
2341 3624 2373 3658 G

166 3688 212 3722 30
235 3691 409 3723 uincerem
428 3688 462 3724 G
587 3690 631 3724 31
658 3693 773 3725 uellim
794 3689 827 3725 G
951 3691 996 3725 38
1021 3689 1156 3735 domno]
1179 3689 1211 3723 G
1337 3689 1380 3723 39
1406 3690 1668 3723 mansuetudine
1687 3707 1729 3712 -
1742 3700 1778 3731 p.
1795 3690 1872 3728 303,
1893 3687 1914 3718 l.
1932 3688 1952 3719 3
1977 3682 2186 3728 impositum]
2213 3683 2373 3716 Ruricius

165 3747 263 3792 infra
288 3747 343 3790 II,
367 3750 412 3782 35
437 3749 588 3792 repetivit

2028 3819 2072 3854 39
2080 3819 2100 3840 '¹²

2428 319 2469 361 (1

2401 384 2425 412 ··)

2414 2063 2437 2100 [ὑ

2415 2341 2438 2377 Le
