2583 4011
1021 190 1124 225 XXII
1151 192 1170 232 ξ
1196 193 1218 224 ε’)
1245 211 1285 216 -
1313 191 1435 226 XXIII
1463 204 1493 227 v.
1521 194 1574 226 To.

752 307 905 348 misisti
938 311 994 360 et,
1026 307 1207 362 triplicis
1238 312 1424 348 metrum
1458 308 1653 348 trochaei

749 377 942 433 spondeo
974 377 1208 418 comitante
1242 376 1517 432 dactyloque.

749 446 898 488 dulces
932 445 1338 500 hendecasyllabos.
1372 450 1581 501 tuumque

749 514 906 555 blando
938 514 1117 556 faenore
1152 514 1335 555 Sollium
1370 514 1529 569 ligasti.

749 598 924 626 usuram
958 584 1232 640 petimurque
1266 582 1597 639 reddimusque:

689 667 705 683 ι’
756 668 854 694 nam
887 652 996 709 quod
1030 653 1221 695 carmine
1253 667 1331 709 pro
1363 657 1437 693 tuo
1470 652 1674 708 rependo.

754 723 837 764 hoc
871 722 1113 764 centesima
1145 721 1335 763 laudium
1369 727 1539 764 tuarum
1574 728 1654 765 est.

812 791 925 839 Quid
968 793 1151 848 primum
1192 805 1375 833 venerer
1413 792 1639 848 colamque
1678 808 1754 849 pro
1797 798 1866 835 tc?

746 863 789 903 ni
820 862 959 914 fallor,
996 862 1180 918 patriam
1214 867 1471 917 patremque
1505 863 1644 905 iuxta:

747 933 818 988 qui
853 946 1114 988 quamquam
1148 932 1229 973 sibi
1264 931 1483 974 vindicare
1519 947 1731 974 summum

671 1012 701 1033 ·=-·'·
746 1003 882 1059 possit
916 1003 1006 1044 iure
1041 1002 1197 1054 locum,
1231 1007 1378 1044 tamen
1412 1017 1596 1044 necesse
1629 1009 1696 1043 est

671 1365 704 1387 w

663 2058 695 2083 {¹0

746 1073 863 1113 illam
898 1073 1087 1123 vincere,
1121 1085 1231 1127 quae
1265 1072 1379 1128 parit
1411 1078 1630 1128 parentes.

746 1142 882 1194 salve,
915 1141 1063 1183 Narbo
1095 1146 1251 1196 potens
1285 1142 1554 1190 salubritate,

745 1213 851 1255 urbe
885 1218 928 1254 et
960 1227 1059 1255 rure
1093 1213 1220 1254 simul
1254 1213 1390 1254 bonus
1424 1214 1575 1256 videri.

745 1285 894 1336 muris,
928 1284 1109 1336 civibus,
1142 1284 1321 1336 ambitu,
1354 1285 1565 1328 tabernis.

748 1354 900 1410 portis,
934 1353 1189 1409 porticibus,
1223 1353 1331 1402 foro,
1366 1355 1550 1396 theatro.

743 1423 953 1469 delubris,
987 1423 1219 1479 capitoliiS,
1252 1424 1451 1469 monetis,

744 1492 938 1543 thermis,
972 1491 1173 1543 arcubus,
1207 1491 1392 1537 horreis,
1425 1493 1635 1537 macellis.

741 1562 890 1618 pratis,
922 1561 1129 1613 fontibus,
1163 1562 1331 1614 insulis,
1367 1563 1529 1615 salinis,

743 1632 921 1688 stagnis,
963 1632 1152 1683 flumine,
1192 1646 1352 1684 merce,
1390 1637 1535 1688 ponte,
1576 1638 1727 1689 ponto:

692 1721 696 1732 ·
739 1715 850 1743 unus
885 1701 956 1757 qui
988 1715 1198 1743 venerere
1231 1701 1325 1743 iure
1359 1701 1481 1743 divos

740 1770 979 1823 Lenaeum,
1013 1770 1234 1823 Cererem,
1267 1771 1433 1819 Palem,
1466 1771 1709 1814 Minervam

741 1841 887 1896 spicis,
920 1841 1116 1896 palmite,
1148 1840 1338 1896 pascuis,
1371 1842 1569 1897 trapetis.

740 1910 843 1951 solis
875 1910 952 1952 fise
985 1910 1088 1951 viris
1121 1924 1202 1952 nec
1237 1911 1432 1966 expetito

738 1984 921 2022 naturae
955 1980 1117 2021 auxilio
1150 1980 1303 2035 procul
1336 1981 1502 2022 relictis

738 2063 942 2105 promens
974 2048 1193 2091 montibus
1227 2050 1356 2091 altius
1391 2064 1613 2099 cacumen,

738 2133 824 2161 non
856 2123 899 2160 te
931 2118 1050 2160 fossa
1081 2123 1236 2175 patens
1270 2133 1349 2161 nec
1382 2119 1654 2176 hispidarum

737 2187 911 2230 obiectu
944 2187 1115 2229 sudium
1148 2193 1330 2230 coronat
1362 2203 1520 2245 agger:

736 2272 822 2299 non
860 2263 906 2300 tu
942 2272 1172 2310 marmora,
1213 2259 1428 2300 bratteam
1467 2259 1727 2315 vitrumque.

736 2343 822 2370 non
855 2327 1090 2370 testudinis
1122 2327 1302 2370 Indicae
1334 2328 1539 2380 nitorem,

662 2407 693 2431 55»
734 2412 821 2439 non
854 2398 891 2439 si
925 2413 1033 2454 quas
1066 2397 1210 2440 eboris
1242 2398 1390 2440 trabes
1424 2399 1625 2441 refractis

659 2756 693 2779 fio

659 3450 691 3473 70

736 2468 886 2510 rostris
919 2468 1170 2510 Marmarici
1202 2467 1364 2510 dedere
1400 2467 1529 2519 barri,

735 2537 832 2594 figis
865 2537 1094 2580 moenibus
1128 2551 1373 2594 aureasque
1406 2543 1556 2594 portas

737 2621 924 2650 exornas
958 2608 1189 2650 asaroticis
1221 2608 1407 2664 lapillis:

737 2678 814 2720 sed
846 2693 924 2735 per
955 2678 1188 2720 semirutas
1223 2678 1439 2734 superbus
1473 2691 1611 2728 al'CeS,

739 2747 978 2790 ostendens
1011 2748 1171 2790 veteris
1205 2747 1339 2790 decus
1373 2746 1522 2794 duelli,

736 2820 965 2872 quassatos
998 2817 1115 2872 geris
1148 2816 1305 2858 ictibus
1338 2817 1542 2861 molares,

734 2886 964 2928 laudandis
997 2885 1232 2941 pretiosior
1264 2885 1415 2926 ruinis.

735 2955 822 2997 sint
854 2955 986 2997 urbes
1019 2955 1134 2996 aliae
1168 2955 1254 2996 situ
1286 2955 1494 3002 minaces,

736 3039 843 3080 quas
876 3025 990 3066 vires
1023 3024 1213 3066 humiles
1244 3011 1321 3079 pei·
1354 3024 1442 3064 alta
1475 3023 1678 3075 condunt.

665 3102 690 3126 3'·
736 3098 780 3135 et
811 3108 890 3149 per
921 3093 1187 3149 praecipites
1220 3093 1364 3134 locata
1395 3092 1551 3134 cristas

734 3177 969 3218 numquam
1001 3163 1176 3204 moenia
1208 3175 1336 3204 caesa
1367 3162 1629 3216 glorientur:

733 3237 780 3275 tu
812 3232 986 3289 pulsate
1017 3232 1166 3287 places
1199 3230 1418 3286 fidemque
1451 3231 1607 3273 fortem

734 3301 1004 3358 oppugnatio
1037 3315 1168 3357 passa
1199 3300 1454 3357 publicavit.

794 3371 911 3413 Hinc
943 3374 986 3413 te
1018 3370 1202 3412 Martius
1235 3370 1308 3411 ille
1342 3374 1486 3411 rector
1517 3374 1647 3426 atque

732 3454 892 3495 magno
925 3444 1050 3496 patre
1081 3439 1213 3495 prior,
1247 3438 1380 3481 decus
1414 3438 1638 3493 Getarum,

2322 202 2397 240 251

311 3543 357 3577 25
381 3552 415 3578 et
439 3558 503 3579 om.
530 3547 562 3578 T
695 3545 741 3579 28
765 3546 890 3589 plando
915 3545 953 3578 F
1042 3545 1163 3588 legasti
1197 3544 1228 3575 T
1225 3543 1262 3576 F
1405 3542 1450 3577 29
1475 3546 1752 3589 reddidimusque
1777 3546 1814 3578 F
1958 3544 2000 3578 31
2028 3545 2169 3578 laudum
2195 3551 2331 3578 tuorum
2359 3542 2396 3576 F

172 3601 218 3635 33
242 3603 270 3635 si
295 3603 333 3635 F
465 3609 541 3646 post
564 3616 593 3636 r.
611 3606 653 3637 ‚36
677 3604 908 3637 Narbonensis
932 3604 1029 3636 urbis
1061 3603 1203 3645 eiusque
1237 3602 1365 3635 civium
1397 3603 1472 3635 laus
1503 3603 1621 3646 incipit
1655 3605 1789 3646 scripsit
1819 3603 2013 3636 rubricator
2043 3604 2077 3635 in
2106 3603 2141 3643 C,
2176 3603 2242 3634 duo
2275 3613 2391 3634 versus

172 3665 297 3692 remam
320 3661 354 3693 1⁸21
383 3660 416 3692 P
557 3660 602 3694 43
627 3662 740 3694 Gratis
764 3667 801 3694 ut
823 3673 852 3694 υ.
875 3662 903 3694 G
999 3661 1168 3693 frontibus
1186 3659 1223 3691 F
1363 3658 1410 3691 44
1434 3661 1564 3693 stannis
1583 3661 1615 3693 P
1760 3662 1804 3694 45,
1831 3672 1954 3694 venere
1982 3661 2012 3692 J'
2157 3658 2202 3691 46
2227 3660 2305 3702 pali-i
2323 3659 2388 3699 ΡΩ,

171 3717 291 3760 palaen
308 3716 376 3759 Pb,
400 3719 500 3761 palen
520 3719 556 3760 Ο,
580 3720 677 3762 palea

171 3773 215 3807 69
240 3776 386 3808 marcius
409 3775 445 3817 O,
469 3787 604 3809 marcus
630 3775 667 3808 F

697 3718 729 3750 Τ
839 3717 884 3752 53
902 3724 1087 3761 utrumque
1103 3717 1139 3749 F
1252 3715 1297 3749 54
1313 3718 1522 3750 testitudinis
1538 3718 1572 3750 P
1684 3718 1729 3753 58
1752 3719 1927 3751 asorotieis
1945 3718 1973 3750 (J
2089 3716 2132 3750 62
2156 3717 2346 3749 laudandus
2367 3717 2394 3748 C

803 3775 847 3808 70
872 3787 994 3819 magne
1020 3774 1057 3807 F
1147 3774 1195 3807 ad
1218 3787 1246 3807 υ.
1269 3778 1308 3808 70
1331 3776 1457 3808 alarico
1483 3776 1567 3809 add.
1593 3776 1628 3808 in
1655 3788 1764 3819 wulry.
1787 3774 1837 3808 Cb

2045 3830 2114 3864 32*
