2583 4011
104 592 126 630 Ιὺ

171 138 224 176 66
994 133 1175 167 SIDONII
1201 132 1546 167 EPISTULARUM

170 250 263 306 'ista
301 245 529 302 praefars'!
577 254 623 289 ut
667 249 834 289 scilicet
878 248 1128 289 memineris
1170 263 1221 289 eo
1263 252 1484 303 tempore,
1531 261 1614 302 quo
1661 262 1892 302 personam
1941 249 2160 304 publicam
2206 254 2367 303 portas.

168 317 330 371 gratiae
365 325 405 356 te
438 317 632 370 privatae
666 331 901 357 memorem
935 331 1108 372 semper
1141 332 1238 358 esse
1270 321 1485 372 oportere.
1547 315 1769 356 biennium
1800 331 1937 371 prope
1971 316 2210 367 clauditur.
2258 317 2371 372 quod

168 390 208 425 te
241 384 508 439 praefectum
542 386 757 440 praetorio
781 385 1020 426 Galliarum
1045 400 1128 425 non
1153 399 1263 425 nova
1286 390 1432 426 vestra
1454 384 1705 438 dignatione
1741 385 1816 426 sed
1849 390 1995 427 nostro
2029 387 2190 427 affeetu
2223 386 2363 427 adhue

169 457 315 494 vetere
357 453 617 508 gaudemus.
651 455 743 508 qui.
787 454 821 494 si
855 453 1149 494 Romanarum
1187 468 1328 495 rerum
1369 454 1532 494 sineret
1578 452 1839 504 adversitas,
1886 468 2017 508 aegre
2065 455 2367 497 toleraremus,

176 522 260 562 nisi
294 522 489 575 singulae
523 537 758 577 personae.
793 537 877 563 non
911 522 1049 563 dicam
1082 523 1356 577 provinciae.
1390 523 1517 562 variis
1551 536 1628 577 per
1661 527 1703 563 te
1736 522 1960 564 benefieiis
1992 524 2371 580 amplificarentur.
2427 533 2440 553 ⁵

173 596 216 631 et
250 604 375 632 nunc.
410 605 504 631 cum
537 590 593 632 id.
627 591 738 645 quod
773 591 1039 646 possibilitas
1071 595 1146 631 tua
1178 605 1263 631 non
1297 591 1442 637 habet.
1476 590 1739 631 verecundia
1760 605 1845 632 uon
1868 596 2053 647 petatur⁷
2086 592 2205 633 dicas
2227 593 2371 640 velim,

172 659 358 714 qualiter
387 659 554 699 futurus
589 659 721 700 fueris
756 660 967 700 humanus
1001 659 1043 699 in
1077 659 1217 709 factis,
1251 659 1323 713 qui
1358 659 1565 714 perduras
1586 655 1753 700 xavarus
1786 660 1830 700 in
1852 660 2009 701 verbis.
2070 675 2169 701 nam
2202 665 2373 702 tuorum

172 728 355 782 peritiae
390 733 664 783 comparatus
698 742 781 768 non
816 728 954 768 solum
979 726 1204 769 Cornelios
1238 732 1433 768 oratores
1466 726 1541 768 sed
1567 727 1787 769 Ausonios
1819 742 1990 783 quoque
2021 733 2175 784 poetas
2196 729 2373 771 vincere

173 801 310 852 potes.
373 798 409 836 si
441 803 481 837 te
516 796 725 837 hactenus
759 795 1143 851 philosophantem
1175 809 1287 836 nova
1319 796 1464 837 subito
1497 796 1551 837 ob
1584 796 1930 838 iurisdictionem
1967 798 2106 853 gloria
2147 798 2280 853 capit:
2323 802 2375 839 et

174 880 270 906 nos
311 865 526 920 aliquod
568 879 857 920 nomenque
897 864 1167 919 decusque
1211 865 1495 919 gessimus.
1563 870 1607 906 at
1649 866 1685 906 si
1716 866 1888 908 videtur
1931 866 2152 907 humilitas
2194 870 2368 908 nostrae

174 935 460 989 professionis
494 933 692 975 habenda
716 934 996 989 contemptui.
1029 934 1129 988 quia
1152 933 1326 975 Christo
1352 948 1421 975 res
1444 933 1656 975 humanas
1678 934 1876 989 vitasque
1900 934 2164 976 medicaturo
2186 935 2375 991 putrium

175 1004 535 1045 conscientiarum
569 1004 681 1044 ultro
716 1004 920 1058 squalens
952 1005 1075 1045 ulcus
1106 1004 1348 1059 aperimus⁷
1381 1004 1495 1059 quod
1526 1004 1567 1044 in
1600 1005 1737 1045 nostri
1769 1003 1932 1045 ordinis
1964 1004 2089 1054 viris.
2123 1005 2206 1046 etsi
2237 1003 2374 1045 adhuc

178 1072 339 1126 aliquid
372 1073 424 1113 de
458 1073 738 1127 neglegentia
769 1073 889 1117 fetet,
921 1073 1005 1113 iam
1039 1077 1183 1113 tamen
1217 1073 1321 1113 nihil
1355 1072 1407 1113 de
1441 1073 1647 1128 superbia
1678 1077 1829 1124 tumet,
1862 1074 2033 1115 noveris
2067 1074 2163 1114 volo
2197 1087 2297 1123 non,
2329 1078 2376 1114 ut

175 1151 240 1181 est
273 1141 385 1195 apud
419 1142 664 1196 praesulem
698 1141 799 1189 fori,
844 1142 905 1182 sie
946 1155 1044 1182 esse
1084 1141 1199 1197 apud
1233 1141 1419 1183 iudicem
1454 1142 1612 1182 mundi.
1674 1156 1859 1197 namque
1899 1147 1945 1183 ut
1986 1143 2043 1195 15,
2088 1142 2160 1196 qui
2202 1143 2375 1198 propria

177 1209 296 1249 vobis
328 1224 411 1250 non
437 1211 621 1251 tacuerit
644 1210 822 1264 flagitia,
856 1209 1095 1260 damnatur,
1129 1211 1187 1250 ita
1220 1210 1445 1251 nobiscum
1479 1211 1549 1265 qui
1583 1210 1736 1252 cadem
1769 1211 1850 1252 deo
1883 1212 2010 1252 fuerit
2042 1211 2267 1252 confessus
2299 1211 2375 1252 ab·
2434 1229 2445 1241 ³

173 1278 366 1318 solvitur.
428 1279 541 1320 unde
576 1279 738 1334 liquido
773 1282 893 1333 patet
926 1279 1164 1333 incongrue
1196 1294 1221 1320 a
1253 1279 1447 1335 partibus
1472 1280 1629 1321 vestris
1652 1279 1778 1321 nimis
1801 1294 1920 1321 reum
1951 1280 2222 1336 pronuntiari
2254 1281 2375 1322 cuius

179 1361 305 1387 causa
340 1347 437 1402 plus
472 1353 640 1403 spectat
673 1348 861 1389 tribunal
894 1349 1096 1389 alienum.
1158 1354 1425 1404 quapropter
1467 1349 1765 1391 imminentem
1798 1350 2018 1404 querelam
2050 1350 2187 1391 nostri
2218 1350 2378 1391 doloris

179 1431 450 1471 nequaquam
485 1418 649 1458 valebis
683 1417 864 1458 ulterius
899 1418 1142 1461 effundere,
1186 1419 1309 1473 quia.
1357 1419 1693 1460 succedentibus
1734 1419 1954 1475 prosperis
1994 1419 2084 1460 sive
2118 1419 2377 1461 obliviscare

175 1499 251 1525 seu
286 1485 492 1540 neglegas
525 1487 706 1540 gratiam
741 1487 975 1541 antiquam„
1007 1488 1127 1527 iuxta
1161 1492 1227 1528 est
1258 1488 1477 1528 acerbum.
1539 1488 1720 1543 proinde
1755 1489 1790 1529 si
1822 1488 1968 1529 futura
1991 1488 2136 1542 magni
2167 1488 2377 1543 pensitas,

173 1554 311 1595 scribe
346 1555 523 1598 elerico.
558 1556 592 1596 si
625 1556 884 1610 praesentia.
917 1556 1057 1597 scribe
1091 1557 1312 1611 collegae;
1356 1562 1400 1598 et
1431 1557 1542 1598 hanc
1574 1557 1617 1597 in
1649 1561 1691 1598 te
1721 1558 1814 1613 ipse
1840 1558 2064 1601 virtutem,
2099 1557 2134 1597 si
2164 1557 2373 1598 naturalis

176 1628 254 1663 est.
289 1624 465 1665 excole.
510 1624 545 1663 si
579 1624 737 1665 minus.
779 1629 826 1665 ut
857 1625 1089 1665 insiticiam
1122 1640 1313 1680 appone.
1348 1640 1432 1680 qua
1465 1625 1637 1667 sodales
1670 1630 1865 1668 vetustos
1898 1641 2131 1681 numquam
2164 1641 2241 1682 pro
2275 1641 2377 1667 con-

175 1701 430 1745 sequentum
477 1693 668 1734 novitate
708 1693 918 1735 fastidias.
1001 1709 1124 1749 porro
1169 1699 1315 1735 autem
1364 1694 1568 1736 videbere
1614 1696 1674 1736 sic
1715 1696 1864 1736 amicis
1904 1696 1966 1736 uti
2017 1695 2139 1751 quasi
2187 1696 2378 1745 floribus7

173 1759 338 1800 tamdiu
369 1762 515 1815 gratis.
553 1761 689 1803 donec
724 1763 985 1804 recentibus.
1049 1764 1159 1804 vale.

1228 1992 1325 2033 XV.

749 2094 1032 2136 SIDONIUS
1067 2095 1334 2136 ELAPHIO
1369 2095 1483 2136 SUO
1518 2095 1813 2138 SALUTEM.

2410 876 2421 899 l
2426 876 2441 896 sl

2415 1566 2448 1590 211

318 2171 503 2233 Ερηωι
537 2193 767 2247 multiplex
801 2198 844 2233 et
876 2193 1162 2248 capacissima
1195 2193 1463 2234 lectisternia
1495 2207 1618 2248 para:
1653 2194 1847 2248 plurimis
1881 2194 1982 2245 viis,
2016 2194 2209 2248 pluribus
2243 2194 2379 2234 turbis
2417 2203 2448 2227 2⁵

180 2259 259 2302 <ita
302 2259 513 2301 bonorum
554 2262 838 2303 contubernio
889 2262 1019 2317 sedit)
1069 2263 1119 2304 ad
1169 2267 1210 2303 te
1249 2263 1443 2308 venitur.
1491 2263 1649 2318 quippe
1692 2266 1920 2318 postquam
1967 2263 2167 2304 omnibus
2207 2268 2378 2318 tempus

175 2328 345 2369 futurae
387 2329 672 2371 dedicationis
714 2331 927 2373 inclaruit.
1000 2346 1097 2372 nam
1137 2332 1467 2387 baptisterium,
1508 2332 1620 2386 quod
1662 2332 1761 2373 olim
1801 2332 2152 2383 fabricabamini.
2193 2331 2379 2373 scribitis

174 2410 303 2451 posse
337 2397 421 2438 iam
454 2400 713 2440 consecrari.
775 2399 829 2441 ad
861 2414 970 2455 quae
1003 2400 1116 2442 festa
1147 2414 1224 2441 vos
1261 2401 1352 2441 voti
1381 2415 1458 2442 nos
1492 2401 1741 2453 ministerii,
1776 2400 1906 2442 officii
1938 2401 2098 2443 multos
2129 2399 2232 2442 fidei
2263 2403 2377 2441 totos

312 2591 332 2623 9
359 2591 497 2636 Vergil.
525 2593 614 2627 Aen.
641 2593 685 2627 ΙΙ,
704 2593 749 2627 90
767 2606 818 2637 sq.

311 2682 333 2714 ‘2
354 2691 433 2726 post
457 2686 585 2728 gratiae
610 2687 801 2728 [011111οἱ11
821 2688 850 2720 C
902 2662 987 2721 ¹'esse
1013 2673 1144 2731 seinper
1169 2694 1338 2731 transpos.
1359 2688 1411 2720 L¹
1530 2688 1551 2721 3
1576 2701 1645 2722 non
1663 2688 1740 2721 LM
1744 2688 1775 2720 T
1774 2688 1843 2730 CF,
1868 2690 1903 2721 111
1919 2687 1952 2720 P
2065 2685 2087 2720 5
2112 2696 2220 2730 psone
2245 2685 2328 2719 add.
2346 2686 2382 2718 ἱη

178 2775 285 2805 marr).
310 2764 341 2795 T
349 2765 360 2783 ²
476 2767 643 2808 provintie
662 2767 698 2799 F
856 2768 876 2799 (5
909 2735 956 2807 (clii
982 2770 1186 2811 possibilitas
1211 2774 1269 2801 tua
1294 2740 1337 2801 cli-1
1363 2732 1396 2801 111
1421 2782 1508 2802 corr.
1529 2769 1583 2801 F²
1689 2774 1765 2801 tuas
1792 2767 1822 2810 (s
1842 2768 1959 2800 indum.
1982 2767 2042 2808 0¹)
2064 2768 2093 2800 O
2193 2771 2286 2809 petat
2310 2765 2379 2798 Leo

182 2842 199 2874 7
228 2845 332 2876 fueris
358 2846 494 2878 futurus
512 2846 540 2878 C
652 2846 673 2879 8
691 2849 833 2890 perieiae
850 2849 884 2890 C,
909 2849 1055 2881 avaricie
1073 2860 1160 2881 corr.
1178 2849 1213 2881 in
1238 2849 1393 2892 avapicie
1410 2850 1448 2882 F
1454 2849 1463 2868 ¹
1530 2861 1599 2891 pro
1625 2849 1765 2892 peritiae
1790 2849 1880 2891 quod
1905 2858 1968 2880 om.
1995 2848 2054 2889 leq.
2081 2847 2210 2881 50111001
2224 2835 2381 2881 romanor

177 2925 217 2957 (10
243 2901 287 2967 gf
311 2906 377 2967 gii—ie
405 2920 510 2958 exort'
535 2937 570 2959 05
594 2927 630 2958 in
653 2926 685 2958 T
785 2929 950 2961 anxonios
967 2928 1039 2960 LT
1186 2928 1206 2960 9
1231 2899 1318 2973 potis
1335 2929 1367 2962 L
1472 2929 1729 2972 philosophante
1753 2927 1799 2970 L,
1830 2928 2088 2971 filosophantem
2107 2926 2145 2959 F
2242 2938 2331 2960 novo
2348 2927 2386 2959 F

181 3005 450 3037 iurisdiecionem
469 3006 497 3038 C
635 3005 673 3037 11
702 3008 886 3040 contemtui
905 3008 935 3039 L
1078 3007 1119 3040 12
1144 3010 1253 3043 cultro
1271 3010 1316 3041 M
1320 3010 1351 3041 T
1350 3009 1444 3042 OFP
1583 3008 1624 3041 13
1648 3008 1857 3056 negligentia
1875 3007 1954 3040 MF
2042 3009 2143 3041 faetet
2160 3007 2192 3039 L
2283 3008 2318 3040 ia
2342 3010 2382 3041 tn

177 3097 202 3115 s.
230 3085 249 3116 Z.
277 3085 359 3117 aelel.
387 3085 416 3116 T
424 3086 435 3104 ²
530 3073 577 3118 tin
602 3098 689 3119 corr.
711 3098 750 3119 ea:
775 3077 893 3129 111132,
919 3089 955 3120 in
980 3099 1087 3131 mat-gs.
1114 3076 1182 3121 tain
1208 3088 1289 3121 add.
1307 3087 1359 3120 Ρ2
1454 3089 1558 3121 nichil
1581 3088 1659 3130 MC,
1685 3060 1720 3120 1111
1738 3088 1775 3120 F
1914 3086 1956 3120 14
1980 3088 2043 3121 fori
2063 3088 2107 3119 M
2110 3087 2142 3118 T
2141 3086 2240 3129 OFP,
2267 3087 2331 3120 feci
2350 3086 2382 3119 L

182 3148 238 3206 apt
257 3162 294 3194 F
382 3176 516 3207 nanque
534 3165 579 3196 JI
667 3167 719 3199 his
738 3164 774 3208 G,
800 3168 828 3200 is
853 3179 878 3200 s.
904 3169 924 3200 l.
950 3168 1032 3201 add.
1047 3168 1102 3201 F²
1235 3167 1278 3201 15
1296 3169 1429 3212 flagicia
1449 3169 1477 3200 C
1566 3169 1767 3212 dampnatur
1785 3168 1892 3201 MCF
2028 3166 2071 3200 16
2095 3168 2186 3201 unde
2200 3167 2380 3209 LMTOF,

182 3245 253 3274 um]
273 3242 305 3274 P
418 3255 529 3277 rerum
544 3245 575 3276 L
692 3249 907 3289 pronunciari
924 3248 998 3281 MC
1176 3248 1216 3281 17
1243 3250 1426 3292 querellam
1443 3249 1475 3281 L
1652 3248 1694 3281 18
1718 3250 1898 3283 refundere
1925 3248 2206 3290 Wilamowitzias,
2231 3249 2382 3291 effugere

182 3321 249 3354 Leo
355 3323 426 3355 sive
443 3323 619 3363 LMCFP,
646 3336 706 3358 seu
731 3326 762 3357 T
920 3326 961 3359 19
985 3329 1140 3372 negligas
1161 3328 1269 3361 MCF
1425 3326 1471 3361 20
1494 3329 1566 3371 ipse
1590 3330 1625 3361 in
1650 3334 1683 3362 te
1701 3329 1738 3361 F
1895 3326 1937 3360 21
1964 3339 2141 3370 nunquam
2157 3326 2202 3358 M
2302 3338 2380 3361 con-

182 3402 394 3443 sequentium
422 3402 457 3443 T,
484 3404 696 3445 sequentium
715 3404 752 3436 F
864 3404 908 3437 23
933 3408 1051 3440 tandiu
1070 3407 1114 3439 M
1184 3413 1265 3450 post
1289 3408 1394 3450 gratis
1420 3408 1479 3449 leq.
1508 3408 1605 3450 quasi
1630 3408 1665 3440 in
1689 3408 1721 3440 Τ
1793 3408 1868 3441 vale
1893 3419 1955 3440 om.
1975 3406 2012 3439 F
2122 3405 2168 3439 ‘24
2190 3407 2380 3450 inscriptio-

184 3493 258 3514 nem
284 3493 351 3513 uno
377 3493 473 3514 versu
497 3494 568 3515 vac.
595 3495 657 3515 om.
676 3484 706 3515 L
824 3486 967 3529 Alephio
988 3488 1016 3519 C
1177 3485 1221 3520 25
1247 3487 1441 3520 lectisterna
1457 3485 1487 3518 L
1604 3487 1757 3529 plurimis
1775 3485 1952 3527 LMOFP,
1977 3481 2101 3529 plurib'
2126 3487 2157 3518 T
2256 3487 2380 3529 plurib3

182 3562 229 3601 lb3
256 3573 344 3594 corr.
370 3561 407 3593 in
430 3573 500 3595 ras.
525 3574 566 3595 ex
590 3564 654 3596 mis
672 3563 738 3604 P2)
758 3564 791 3596 P
948 3564 993 3598 26
1018 3567 1110 3600 sedet
1131 3567 1170 3607 C,
1197 3568 1285 3609 fort.
1309 3571 1395 3599 recte
1510 3537 1627 3599 11111101·
1642 3565 1697 3597 F²
1815 3570 1993 3609 postquam
2011 3565 2199 3609 LMTFP,
2235 3567 2336 3600 simul
2355 3566 2384 3598 C

182 3638 225 3671 27
253 3641 507 3675 fabricabamini
534 3648 670 3684 praeter
697 3644 819 3678 fabrica
847 3644 881 3675 ιή
907 3657 973 3678 ras.
993 3645 1054 3676 M1
1194 3612 1419 3690 28s'52‘1'1'20sse
1442 3652 1610 3689 transpos.
1630 3645 1674 3681 M
1684 3646 1693 3664 ¹
