2583 4011
165 982 188 1019 ¹0

176 2174 184 2210 l

174 2593 197 2631 10

177 3214 200 3250 ΩΙ

234 211 314 249 270
910 202 1080 236 FAI'STI
1108 200 1424 244 ALloRUMQUF.
1453 202 1724 236 EPISTULAE.

1288 362 1367 405 IV.

397 457 630 499 DOMINO
662 454 1022 498 BEATISSIMO
1055 454 1130 495 ET
1165 453 1370 495 SUMMO
1403 453 1541 494 MIHI
1573 451 1821 494 HONORE
1853 451 2013 493 ANTE
2047 451 2246 493 OMNES

295 526 742 567 SINGFLARITER
782 523 1145 566 EXCOLENDO
1186 522 1404 563 FRATRI
1445 521 1693 563 RURICIO
1737 520 2027 562 EPISCOPO
2068 519 2351 561 FAUSTUS.

376 617 534 676 Tm-..x
566 636 669 676 mihi
701 635 753 675 de
788 634 916 675 animi
949 633 1077 673 vostri
1112 631 1380 686 benignitate
1412 630 1568 671 fiducia
1599 635 1685 680 cst,
1726 634 1772 670 ut
1803 643 1858 670 ex
1900 630 1993 671 eius
2033 629 2153 671 fonte
2184 630 2416 684 purissimo

232 718 313 744 non
347 705 429 745 iam
462 705 577 745 solus
611 704 780 744 haurire
814 705 1038 742 contentus
1070 701 1163 742 sim.
1198 700 1273 741 scd
1305 700 1410 741 alios
1444 712 1628 753 quoque,
1660 699 1730 754 qui
1753 699 1843 740 eius
1864 712 1945 739 usu
1967 711 2134 739 mecum
2155 698 2414 752 reficiantur,
2471 709 2485 732 5

234 774 429 814 invitem:
462 773 717 828 praesertim
751 785 844 812 cum
878 774 1108 825 prorogata
1139 769 1264 809 huius
1298 768 1476 822 largitas
1510 768 1552 808 in
1584 768 1751 808 lucrum
1773 771 1966 809 transeat
1987 767 2209 822 largientis
2233 768 2413 823 eiusque

233 842 343 883 bono
375 843 433 882 ita
465 848 713 882 muneretur
744 839 981 894 accipiens,
1024 843 1069 877 ut
1110 851 1194 878 non
1234 838 1470 877 minoretur
1502 836 1751 891 impertiens
1785 839 1828 876 et
1859 835 1902 876 in
1943 849 2105 876 morem
2147 836 2305 878 fenoris
2347 837 2415 878 sui

235 921 399 952 crescat
438 910 664 965 expensis.
710 908 879 949 domine
918 907 1169 948 beatissime
1209 910 1251 947 et
1295 920 1459 947 summo
1498 905 1602 945 mihi
1633 905 1795 945 honore
1827 909 1927 945 ante
1963 919 2110 946 omnes
2144 906 2419 960 singulariter

233 979 484 1021 excolende.
545 979 609 1018 his
642 980 784 1032 itaque
818 977 1008 1017 caritatis
1042 976 1375 1016 inexsolubilem
1410 974 1685 1030 pensionem,
1729 987 1811 1028 quo
1850 974 2055 1015 solventis
2091 974 2227 1028 magis
2264 988 2418 1016 census

234 1048 449 1089 dilatetur.
493 1047 674 1088 exhibeo
717 1052 759 1087 et
797 1046 1020 1087 materiam
1061 1045 1159 1086 boni
1203 1045 1345 1099 operis
1385 1044 1584 1098 ingerere
1624 1057 1701 1098 pro
1739 1042 2011 1084 laborantum
2043 1044 2414 1087 commendatione
2456 1054 2489 1078 1⁰

233 1131 476 1172 praesumo.
525 1117 621 1170 quia
663 1115 995 1156 insinuationem
1036 1127 1175 1154 meam
1215 1113 1269 1154 ad
1304 1113 1489 1153 fructum
1522 1116 1713 1153 vestrum
1754 1111 1969 1167 pertinere
2009 1111 2197 1162 confido,
2246 1116 2289 1154 et
2318 1112 2416 1155 ideo

233 1185 585 1226 misericordiam.
619 1198 745 1239 quain
777 1183 945 1223 miseris
977 1182 1275 1224 ecclesiastica
1305 1181 1516 1237 praebere
1550 1181 1774 1222 consuevit
1805 1180 2062 1232 humanitas,
2103 1181 2256 1223 harum
2288 1182 2421 1238 porti-

234 1255 335 1294 tori.
377 1255 446 1309 qui
477 1255 520 1294 in
551 1253 834 1308 Lugdunensi
865 1252 1043 1308 pertulit
1083 1251 1400 1307 captivitatem,
1442 1263 1603 1305 negare
1643 1263 1726 1290 non
1764 1249 1898 1304 potui.
1958 1250 2122 1290 utinam
2159 1253 2246 1291 tam
2285 1251 2424 1307 possit

234 1331 428 1378 prompta
463 1336 557 1363 esse
591 1321 781 1362 fidelium
814 1321 1006 1374 largitas,
1040 1334 1166 1374 quam
1199 1319 1326 1360 huius
1358 1319 1482 1360 nimis
1516 1318 1746 1359 manifesta
1777 1318 2015 1359 necessitas
2048 1321 2130 1359 est!
2183 1323 2227 1361 et
2258 1320 2357 1374 quia
2377 1319 2421 1361 in

236 1406 280 1432 se
313 1392 582 1445 aliquatenus
615 1390 855 1435 absolutus,
898 1390 938 1430 in
977 1390 1126 1430 uxoris
1158 1389 1227 1429 vel
1269 1389 1450 1429 filiorum
1494 1392 1666 1430 tenetur
1707 1388 1914 1428 servitute
1958 1387 2174 1443 captivus,
2214 1387 2419 1443 praelatis
2461 1397 2492 1421 15

236 1460 401 1500 officiis.
435 1473 606 1514 quaeso.
641 1464 687 1500 ut
718 1472 882 1500 morem
913 1458 1192 1513 benignitatis
1226 1462 1397 1499 vestrae
1431 1457 1564 1499 etiam
1595 1457 1637 1497 in
1670 1456 1795 1497 huius
1829 1457 2127 1498 consolatione
2149 1454 2345 1498 ⁴teneatis
2377 1461 2421 1498 et

234 1528 347 1583 apud
390 1528 676 1583 antepositos.
727 1541 810 1582 quo
851 1527 1117 1582 poposcerit.
1165 1527 1319 1567 litteris
1360 1526 1652 1581 prosequaris.
1715 1526 1913 1566 conservi
1943 1526 2045 1576 mei,
2085 1525 2315 1581 praecipue
2349 1525 2424 1566 ad-

236 1598 410 1637 mirator
428 1603 572 1638 vester
589 1597 720 1638 frater
738 1610 859 1637 nicus
883 1597 1111 1652 presbyter
1129 1596 1365 1637 Memorius
1389 1609 1557 1637 mecum
1579 1595 1931 1636 reverentissime
1955 1595 2181 1650 sospitant.
2229 1595 2425 1636 dominus

235 1666 340 1707 deus
374 1672 518 1707 noster
549 1680 783 1707 memorem
816 1667 902 1707 mei
934 1666 1049 1721 piam
1080 1665 1393 1707 beatitudinem
1424 1669 1613 1705 vestram
1646 1664 1857 1704 ecclesiae
1891 1678 1993 1705 suae
2024 1663 2290 1719 profectibus
2312 1663 2426 1705 felici

236 1735 525 1789 longaevitate
567 1739 816 1777 conservet.
857 1734 1026 1775 domine
1069 1735 1318 1775 beatissime
1352 1738 1394 1775 et
1426 1746 1592 1773 summo
1625 1733 1728 1773 mihi
1758 1733 1921 1774 honore
1955 1736 2053 1774 ante
2085 1746 2235 1774 omnes
2274 1732 2420 1787 singu·
2462 1740 2495 1765 2⁰

240 1805 388 1845 lariter
421 1802 660 1844 excolende
692 1804 837 1844 frater.

1308 1915 1360 1958 V.

229 2009 462 2051 DOMINO
487 2008 862 2059 BEATISSIMO,
884 2007 1108 2049 DEBITA
1131 2007 1388 2048 PIETATE
1415 2007 1810 2049 SUSPICIENDO
1835 2006 2035 2055 ATQUE
2059 2007 2435 2050 APOSTOLIOA

481 2078 630 2119 SEDE
663 2077 1015 2119 DIGNISSIMO
1048 2077 1272 2118 FRATRI
1303 2076 1553 2119 RURICIO
1585 2075 1876 2118 EPISCOPO
1908 2076 2192 2119 FAUSTUS.

378 2156 579 2218 GRATms
611 2175 663 2216 ad
695 2190 785 2227 vos,
820 2175 920 2216 dum
943 2175 1065 2216 vobis
1099 2175 1151 2216 de
1184 2176 1324 2231 patria
1357 2175 1596 2227 scribimus,
1629 2175 1700 2230 qui
1730 2175 1855 2216 nobis
1887 2175 2072 2230 patriam
2104 2175 2144 2216 in
2175 2175 2425 2230 peregrina-
2465 2182 2497 2208 25

236 2246 352 2286 tione
394 2246 576 2286 fecistis.
623 2246 694 2300 qui
733 2244 953 2286 indefessa
989 2245 1252 2286 liberalitate
1292 2246 1458 2300 patriae
1498 2245 1714 2286 desideria
1756 2244 2051 2300 temperastis,
2093 2244 2177 2285 vim
2215 2243 2430 2298 quandam

239 2314 407 2355 divinae
441 2315 627 2355 iustitiae
661 2313 992 2355 succedentibus
1025 2313 1108 2354 sibi
1151 2314 1374 2355 beneficiis
1414 2314 1669 2365 inferentes,
1715 2318 1762 2354 ut
1803 2312 1915 2368 quod
1958 2313 2164 2354 intulerat
2203 2312 2258 2353 ad
2298 2313 2427 2353 casti-

240 2385 456 2438 gationem
490 2386 762 2424 converteret
794 2382 847 2423 ad
878 2383 1111 2433 honorem,
1153 2383 1369 2424 conferret
1407 2383 1459 2423 ad
1506 2383 1863 2433 consolationem,
1905 2386 2093 2422 mutaret
2131 2381 2186 2422 ad.
2222 2381 2430 2436 requiem,

240 2453 391 2493 merita
425 2457 567 2493 vestra
603 2453 988 2507 praetermitteret,
1031 2456 1077 2491 ut
1109 2455 1258 2492 nostra
1292 2452 1550 2503 cumularet,
1584 2451 1731 2493 debita
1765 2451 2024 2492 obliviscens
2058 2454 2101 2492 et
2130 2451 2250 2491 lucra
2280 2454 2428 2491 nostra

239 2521 552 2576 multiplicans:
593 2520 706 2575 apud
738 2525 945 2575 utrasque
979 2525 1123 2575 partes
1156 2520 1495 2575 magnitudinem
1528 2534 1632 2562 suae
1664 2520 1871 2561 bonitatis
1904 2533 2131 2569 exercens,
2170 2533 2248 2560 nos
2279 2522 2424 2561 vestro
2466 2527 2500 2552 30

241 2591 527 2645 locupletaret
560 2589 777 2644 obsequio,
810 2603 886 2629 vos
919 2593 1063 2630 nostro
1098 2589 1255 2630 ditaret
1289 2589 1456 2631 exsilio.
1517 2589 1631 2630 unde
1664 2589 1825 2630 factum
1858 2592 1937 2641 est,
1969 2593 2016 2630 ut
2038 2588 2121 2629 iam
2143 2589 2187 2629 in
2209 2588 2429 2644 praesenti

241 2658 591 2699 benedictionem
634 2658 873 2698 futurorum
920 2658 1151 2713 impatiens
1193 2657 1461 2713 dispensaret
1495 2662 1536 2699 et
1567 2657 1870 2699 fidelissimum
1901 2658 2107 2698 famulum
2141 2671 2265 2699 suum
2299 2670 2428 2712 super

245 2726 549 2768 candelabrum
593 2725 744 2766 domus
785 2740 909 2776 suae,
955 2731 1213 2782 cooperante
1252 2727 1566 2779 misericordia,
1610 2727 1796 2778 iustitia,
1838 2728 2104 2778 sinceritate,
2147 2726 2427 2778 continentia,

242 2797 529 2851 benignitate.
571 2796 613 2837 id
647 2802 711 2837 est
744 2796 993 2837 domesticis
1028 2796 1406 2851 suffragatoribus,
1448 2796 1715 2838 sublimaret.
1777 2810 1878 2838 ecce
1912 2796 2027 2851 quali
2058 2796 2197 2851 pretio
2229 2795 2429 2836 Ruricius

244 2880 362 2906 meus
397 2879 607 2905 summum
642 2865 930 2906 sacerdotium
963 2866 1239 2921 comparavit.
1300 2865 1415 2907 unde
1449 2867 1552 2907 emit
1584 2866 1726 2921 ipsum
1759 2870 1824 2907 est
1855 2865 1970 2921 quod
2003 2866 2122 2916 emit,
2163 2870 2205 2905 et
2236 2865 2422 2907 testibus
2465 2873 2497 2898 35

243 2936 426 2990 propriis
470 2935 829 2977 aec-lamantibus.
873 2935 913 2975 in
949 2949 994 2976 se
1027 2935 1202 2976 honoris
1237 2949 1392 2976 causas
1425 2935 1577 2989 refuga
1608 2935 1781 2976 honoris
1816 2934 2025 2977 exhibuit.
2085 2939 2252 2975 tantum
2284 2934 2429 2989 itaque

244 3018 397 3044 munus·
431 3004 510 3043 scit
545 3004 585 3043 in
611 3003 768 3044 Christi
802 3004 972 3045 nominc
1007 3004 1223 3044 custodire
1257 3005 1327 3059 qui
1361 3004 1486 3045 scivit
1518 3004 1757 3059 adquirere.
1818 3003 1969 3044 harum
2004 3007 2149 3045 autem
2175 3003 2427 3058 portitorem

249 3080 443 3112 sanctum
476 3072 775 3127 presbyterum
797 3073 1063 3114 Florentium
1098 3073 1201 3113 mihi
1232 3074 1317 3114 iam
1341 3073 1413 3114 diu
1437 3074 1654 3127 cognitum
1678 3077 1721 3114 et
1743 3072 1957 3128 exemplis
1982 3072 2176 3127 magistri
2200 3075 2242 3112 et
2262 3084 2429 3112 morum

246 3141 420 3181 floribus
453 3140 719 3181 adornatum.
754 3141 953 3196 quoniam
985 3156 1060 3196 pro
1094 3156 1327 3197 germanae
1361 3156 1463 3183 suae
1496 3142 1769 3182 absolutione
1791 3141 2105 3196 peregrinatur,
2139 3141 2324 3192 insinuo,
2357 3140 2431 3194 qui

242 3211 343 3251 mihi
390 3215 629 3265 opportuna
675 3216 820 3265 gratus
866 3211 1073 3251 mediator
1122 3211 1316 3266 ingessit.
1389 3225 1559 3252 omnem
1607 3211 1778 3252 domum
1824 3215 2032 3262 vestram,
2084 3210 2275 3251 seniores
2329 3221 2428 3249 cum
2467 3215 2501 3241 40

386 3348 401 3379 1
431 3346 488 3390 IV]
515 3349 547 3379 ἱη
572 3361 633 3390 mss.
652 3349 754 3380 minio
772 3360 836 3380 scr.
856 3350 884 3379 G
1004 3349 1024 3381 (i
1047 3350 1192 3381 inuicem
1214 3349 1242 3381 G
1359 3347 1377 3380 7
1395 3348 1532 3393 fenoris]
1553 3351 1568 3382 f
1581 3349 1727 3388 sublata,
1752 3349 1782 3380 fe
1805 3359 1847 3379 m.
1865 3359 1930 3380 rec,
1948 3349 2029 3381 add.
2049 3349 2079 3381 G
2194 3346 2237 3381 10
2258 3348 2383 3380 dilatur
2403 3346 2432 3380 G

248 3405 285 3437 11
315 3403 406 3448 quia]
433 3405 629 3439 Jlornrnsen.
655 3407 733 3448 quia
758 3407 785 3437 si
807 3407 835 3437 G
976 3404 1019 3437 13
1043 3404 1125 3448 tam]
1152 3412 1346 3449 prumptaes
1368 3406 1396 3438 G
1539 3405 1582 3438 15
1606 3406 1813 3448 aliquitenus
1834 3405 1864 3437 G
1959 3416 2082 3438 uxores
2103 3405 2133 3437 G
2224 3409 2382 3437 tenentur
2403 3403 2433 3436 G

249 3464 400 3505 captiuos
422 3465 450 3493 G
543 3461 711 3505 praelatis]
739 3464 782 3505 ρκ’.
807 3474 915 3505 eupra
935 3474 970 3504 p.
988 3466 1063 3503 269,
1089 3464 1109 3494 l.
1128 3467 1169 3494 29
1309 3462 1349 3495 17
1376 3461 1578 3506 poposcerit]
1599 3462 1795 3503 Mommsen,
1819 3463 2034 3506 poposcerint
2054 3462 2084 3494 G
2175 3463 2332 3507 conserui
2355 3459 2431 3502 mei]

246 3520 375 3561 scripsi,
401 3522 444 3551 στ’.
464 3520 558 3561 [asra
580 3534 614 3561 p.
636 3523 706 3559 271,
732 3521 751 3552 l.
773 3524 799 3559 J,
825 3523 991 3552 eonserufi
1018 3521 1047 3551 ei
1071 3520 1099 3551 G
1225 3519 1267 3552 18
1292 3517 1461 3562 dominns]
1483 3520 1649 3560 Canisius,
1673 3520 1738 3552 dffe
1760 3516 1801 3551 G.
1912 3518 1957 3551 22
1981 3518 2023 3562 V]
2048 3520 2085 3551 in
2107 3531 2171 3561 my.
2193 3520 2295 3551 minio
2321 3530 2384 3551 scr.
2403 3518 2433 3551 G

248 3575 291 3607 -23
317 3577 445 3617 gratius
474 3577 501 3607 (ι’
596 3578 674 3608 dnm
699 3575 808 3618 nobis]
837 3589 877 3608 m.
904 3589 968 3609 rec.
994 3578 1194 3609 restaurarit
1219 3578 1247 3609 G
1353 3619 1364 3625 ι
1392 3575 1435 3608 27
1461 3577 1713 3609 succidentibus
1739 3578 1768 3609 G
1861 3577 2035 3609 inferentis
2064 3577 2093 3608 G
2237 3574 2281 3608 29
2305 3573 2431 3618 uestra]

248 3640 359 3665 nostra
381 3634 409 3661 G
480 3631 604 3675 nostra]
633 3640 745 3666 uestra
766 3634 795 3665 G
865 3632 989 3675 nostra]
1016 3640 1128 3666 uestra
1150 3635 1178 3666 G
1296 3632 1340 3665 30
1365 3631 1490 3676 uestro]
1519 3639 1549 3665 st
1573 3645 1598 3665 s.
1618 3634 1638 3665 l.
1661 3634 1690 3665 G
1804 3632 1849 3666 34
1874 3634 2082 3676 benignitati¹
2103 3633 2133 3665 G
2247 3632 2291 3665 39
2316 3645 2382 3675 quo
2403 3633 2434 3665 G

247 3691 506 3732 peregrinantur
527 3692 555 3721 G
671 3689 716 3721 40
734 3690 933 3733 opportuna]
953 3692 1082 3732 scripsi,
1107 3693 1275 3734 oportuna
1296 3691 1343 3723 G.-
1368 3691 1560 3723 facultatem
1571 3692 1667 3733 forte
1685 3690 1898 3722 desideratur
1969 3687 2098 3732 gratus]
2121 3690 2150 3721 G
2220 3691 2386 3722 mediatur
2402 3690 2432 3722 G

251 3754 395 3778 nostram
428 3748 456 3777 G
