2583 4011
173 168 256 207 352
671 164 779 199 LOCI
805 164 995 199 SIMILES
1022 164 1289 199 AUCTOR-UM
1315 165 1508 201 SIDONIO
1535 165 1874 201 ANTERIORUM.

518 280 627 318 Statii
660 280 777 319 silvae
808 294 882 319 rec.
917 280 1056 321 Aemil.
1089 281 1302 320 Baehrens,
1364 282 1454 332 Lps.
1493 282 1612 320 1876.

563 379 578 395 „
650 347 834 387 Achilleis
866 353 902 386 et
933 348 1104 387 Thebais
1135 362 1209 388 reo.
1242 349 1315 389 Ph.
1348 350 1587 389 Kohlmann.
1649 350 1739 400 Lps.
1777 349 2012 388 1879—84.

515 416 740 466 Symmachi
771 416 959 466 epistulae
990 417 1049 455 ed.
1084 417 1215 456 Seeck.
1277 418 1404 458 Berol.
1443 419 1564 457 1883.

515 485 670 535 Vergilii
704 498 825 541 opera
853 498 926 523 rec.
961 485 1006 523 O.
1038 484 1224 523 Ribbeck.
1257 485 1305 522 ΙΙΙ
1337 486 1425 524 νοΙΙ.
1487 486 1576 536 Lps.
1615 486 1849 524 1859—62.

312 562 361 603 In
395 563 653 604 carminibus
686 563 872 604 Statium
905 563 978 616 (cf.
1004 562 1090 604 Sid.
1116 577 1151 605 e.
1174 563 1240 603 IX
1263 565 1343 604 226
1367 577 1460 618 sqq.
1491 564 1625 604 XXII
1657 565 1682 614 ξ
1705 563 1766 619 6),
1799 563 2101 614 Claudianum,
2133 563 2374 618 Vergilium

172 629 342 683 (IV-21.
362 632 386 670 2
419 636 461 671 et
493 646 531 672 a.
556 630 622 685 l)
667 632 707 671 in
741 631 941 686 epistulis
974 630 1160 671 Plinium
1192 631 1399 671 iuniorem
1433 630 1475 686 (Ι
1501 634 1593 682 ’1,1.
1625 632 1691 673 IX
1719 635 1793 684 1‚1
1822 646 1883 686 sq.
1916 631 1978 672 IV
2002 621 2069 681 22,
2094 631 2136 686 2)
2171 636 2215 672 et
2248 631 2373 687 Sym-

170 698 370 739 machum
403 699 443 753 (I
472 703 504 744 1,
534 704 565 741 l.
599 715 633 741 e.
659 699 725 739 IX
749 701 829 739 303
855 698 966 753 sqq.)
992 698 1168 739 Sidonio
1203 699 1430 753 signiferos
1464 703 1593 753 atque
1626 701 1939 755 antesignanos
1970 699 2106 740 fuisse
2138 699 2181 740 in
2213 699 2375 741 disser-

171 767 332 807 tatione
386 782 501 818 mea.
558 782 666 823 quac
715 772 781 808 est
827 767 879 808 de
925 766 1193 821 Apollinaris
1242 765 1407 807 Sidonii
1459 767 1612 808 studiis
1654 768 1853 823 (Vratisl.
1898 767 2023 822 1885)
2071 767 2377 810 demonstravi.

172 834 373 876 Omnium
406 837 593 877 maxime
629 836 758 876 Plinii
792 834 1006 876 scribendi
1039 849 1178 889 genus
1212 835 1396 890 scriptor
1419 834 1647 877 Arvernus
1679 837 1908 892 amplexus
1942 840 2022 887 est,
2053 840 2114 889 ut⁷
2147 835 2256 877 sicut
2287 835 2378 877 dixi

171 903 197 944 l.
234 917 269 944 c,
302 918 342 959 p.
367 906 434 948 56.
467 904 673 959 quidquid
704 903 920 959 reperitur
951 902 1066 958 apud
1099 903 1322 944 Sidonium
1354 903 1564 945 Plinianis
1599 905 1755 957 simile,
1791 919 1817 946 a
1846 905 1985 946 Plinio
2019 918 2117 946 eum
2140 904 2377 960 sumpsisse

173 975 264 1012 tuto
297 976 475 1013 statuas.

309 1052 359 1091 In
392 1052 642 1093 universum
676 1051 729 1092 de
761 1051 842 1092 hac
875 1065 973 1092 mea
1004 1065 1137 1106 opera
1160 1050 1312 1093 eadem
1335 1051 1483 1092 valent
1504 1065 1616 1107 quae
1648 1051 1700 1093 de
1721 1052 1932 1093 similibus
1956 1052 2137 1107 syllogis
2161 1052 2376 1094 omnibus:

171 1124 313 1160 utrum
346 1134 401 1161 ex
434 1121 528 1175 ipso
563 1134 628 1171 eo,
662 1134 789 1174 quem
822 1119 959 1170 attuli,
993 1119 1204 1174 scriptore
1238 1120 1435 1161 hauserit
1467 1119 1673 1171 imitator,
1707 1134 1762 1161 an
1795 1135 1851 1162 ex
1883 1121 1968 1162 alio
2001 1120 2128 1162 hodie
2150 1120 2376 1176 deperdito

172 1202 268 1228 cum
303 1203 434 1244 saepe
469 1188 645 1230 dubium
680 1193 830 1241 restet,
864 1190 947 1231 hoe
981 1190 1196 1232 contendo
1221 1190 1409 1232 eundem
1444 1191 1589 1232 locum
1623 1191 1709 1232 iam
1743 1196 1873 1233 antea
1895 1192 1999 1232 item
2023 1194 2255 1232 tractatum
2282 1205 2380 1232 esse

170 1256 211 1296 id
245 1257 358 1312 quod
398 1272 447 1298 eo
479 1257 650 1313 dignius
690 1262 754 1299 est
785 1263 1027 1300 memoratu
1067 1273 1149 1314 quo
1183 1260 1360 1315 saepius
1392 1260 1463 1301 vel
1496 1260 1656 1301 certius
1689 1259 1804 1301 idem
1836 1264 1988 1301 auctor
2020 1259 2239 1315 expilatus
2273 1273 2371 1301 esse

170 1325 399 1368 invenitur.
469 1326 539 1367 Sic
585 1327 639 1368 ad
685 1328 953 1369 subtiliorem
998 1328 1240 1369 litterarum
1280 1328 1486 1370 historiae
1527 1328 1726 1370 notitiam
1767 1329 2071 1384 perveniemus
2111 1329 2371 1384 penitusque

170 1395 511 1451 uniuscuiusque
546 1396 766 1452 scriptoris
798 1397 1113 1452 perspiciemus
1145 1397 1379 1451 ingenium.

308 1475 449 1517 Locos
492 1476 576 1516 iam
620 1477 663 1517 in
703 1476 828 1518 huius
868 1476 1069 1518 editionis
1112 1476 1388 1519 adnotatione
1439 1491 1516 1519 suo
1560 1478 1653 1519 loco
1697 1477 1863 1519 adlatos
1907 1477 2084 1519 distinxi
2122 1477 2370 1533 praeposito

172 1546 398 1587 asterisco.

313 1683 476 1738 Scripsi
508 1683 858 1725 Vratislaviae
891 1683 954 1724 IV
987 1685 1090 1724 ante
1122 1681 1186 1724 Id.
1216 1682 1312 1724 Oct.
1336 1697 1374 1724 a.
1398 1682 1439 1724 h.
1463 1698 1496 1726 s.
1518 1683 1770 1726 LXXXVI.

1671 1907 1960 1973 Eugenius
1998 1907 2238 1961 Geisler.
