<?xml version="1.0" encoding="UTF-8"?>
<!DOCTYPE html PUBLIC "-//W3C//DTD XHTML 1.0 Transitional//EN"
    "http://www.w3.org/TR/xhtml1/DTD/xhtml1-transitional.dtd">
<html xmlns="http://www.w3.org/1999/xhtml" xml:lang="en" lang="en">
 <head>
  <title>
</title>
<meta http-equiv="Content-Type" content="text/html;charset=utf-8" />
  <meta name='ocr-system' content='tesseract 3.04.00' />
  <meta name='ocr-capabilities' content='ocr_page ocr_carea ocr_par ocr_line ocrx_word'/>
</head>
<body>
  <div class='ocr_page' id='page_1' title='image "./monumentager08geseuoft_0228.png"; bbox 0 0 2583 4011; ppageno 0'>
   <div class='ocr_carea' id='block_1_1' title="bbox 87 1494 110 1532">
    <p class='ocr_par' dir='ltr' id='par_1_1' title="bbox 87 1494 110 1532">
     <span class='ocr_line' id='line_1_1' title="bbox 87 1494 110 1532; textangle 90"><span class='ocrx_word' id='word_1_1' title='bbox 87 1494 110 1532; x_wconf 67' lang='lat' dir='ltr'>Na</span> 
     </span>
    </p>
   </div>
   <div class='ocr_carea' id='block_1_2' title="bbox 164 163 1524 226">
    <p class='ocr_par' dir='ltr' id='par_1_2' title="bbox 164 163 1524 226">
     <span class='ocr_line' id='line_1_2' title="bbox 164 163 1524 226; baseline -0.015 -2"><span class='ocrx_word' id='word_1_2' title='bbox 164 181 240 226; x_wconf 69' lang='lat'>134</span> <span class='ocrx_word' id='word_1_3' title='bbox 976 167 1156 209; x_wconf 79' lang='lat' dir='ltr'>smoNn</span> <span class='ocrx_word' id='word_1_4' title='bbox 1181 163 1524 207; x_wconf 75' lang='lat' dir='ltr'>EPISTULARUM</span> 
     </span>
    </p>
   </div>
   <div class='ocr_carea' id='block_1_3' title="bbox 154 281 2348 830">
    <p class='ocr_par' dir='ltr' id='par_1_3' title="bbox 154 281 2348 830">
     <span class='ocr_line' id='line_1_3' title="bbox 156 281 2344 354; baseline -0.006 -15"><span class='ocrx_word' id='word_1_5' title='bbox 156 297 431 354; x_wconf 79' lang='lat' dir='ltr'>peculiariter</span> <span class='ocrx_word' id='word_1_6' title='bbox 462 292 595 335; x_wconf 85' lang='lat' dir='ltr'>nihilo</span> <span class='ocrx_word' id='word_1_7' title='bbox 628 290 804 347; x_wconf 86' lang='lat' dir='ltr'>segnius</span> <span class='ocrx_word' id='word_1_8' title='bbox 838 290 1082 338; x_wconf 70' lang='lat' dir='ltr'>elaborasti,</span> <span class='ocrx_word' id='word_1_9' title='bbox 1123 292 1170 330; x_wconf 89' lang='lat' dir='ltr'>ut</span> <span class='ocrx_word' id='word_1_10' title='bbox 1202 302 1226 329; x_wconf 89' lang='lat' dir='ltr'>a</span> <span class='ocrx_word' id='word_1_11' title='bbox 1257 292 1300 329; x_wconf 91' lang='lat' dir='ltr'>te</span> <span class='ocrx_word' id='word_1_12' title='bbox 1332 285 1560 342; x_wconf 86' lang='lat' dir='ltr'>gloriosius</span> <span class='ocrx_word' id='word_1_13' title='bbox 1591 281 1754 339; x_wconf 78' lang='lat' dir='ltr'>posteri</span> <span class='ocrx_word' id='word_1_14' title='bbox 1793 281 1856 325; x_wconf 89' lang='lat' dir='ltr'>tui</span> <span class='ocrx_word' id='word_1_15' title='bbox 1895 288 2237 326; x_wconf 78' lang='lat' dir='ltr'>numerarentur.</span> <span class='ocrx_word' id='word_1_16' title='bbox 2284 281 2344 326; x_wconf 90' lang='lat' dir='ltr'>nil</span> 
     </span>
     <span class='ocr_line' id='line_1_4' title="bbox 159 353 2346 418; baseline -0.005 -11"><span class='ocrx_word' id='word_1_17' title='bbox 159 367 271 408; x_wconf 85' lang='lat' dir='ltr'>enim</span> <span class='ocrx_word' id='word_1_18' title='bbox 305 370 371 406; x_wconf 85' lang='lat' dir='ltr'>est</span> <span class='ocrx_word' id='word_1_19' title='bbox 403 364 475 404; x_wconf 89' lang='lat' dir='ltr'>illo</span> <span class='ocrx_word' id='word_1_20' title='bbox 509 377 587 418; x_wconf 92' lang='lat' dir='ltr'>per</span> <span class='ocrx_word' id='word_1_21' title='bbox 618 361 876 403; x_wconf 87' lang='lat' dir='ltr'>sententiam</span> <span class='ocrx_word' id='word_1_22' title='bbox 907 359 1008 400; x_wconf 92' lang='lat' dir='ltr'>boni</span> <span class='ocrx_word' id='word_1_23' title='bbox 1042 359 1248 412; x_wconf 90' lang='lat' dir='ltr'>cuiusque</span> <span class='ocrx_word' id='word_1_24' title='bbox 1281 355 1551 411; x_wconf 77' lang='lat' dir='ltr'>generosius,</span> <span class='ocrx_word' id='word_1_25' title='bbox 1584 353 1775 408; x_wconf 87' lang='lat' dir='ltr'>quisquis</span> <span class='ocrx_word' id='word_1_26' title='bbox 1807 353 1970 407; x_wconf 81' lang='lat' dir='ltr'>ingenii</span> <span class='ocrx_word' id='word_1_27' title='bbox 2004 354 2191 408; x_wconf 90' lang='lat' dir='ltr'>corporis</span> <span class='ocrx_word' id='word_1_28' title='bbox 2217 368 2346 410; x_wconf 90' lang='lat' dir='ltr'>opum</span> 
     </span>
     <span class='ocr_line' id='line_1_5' title="bbox 158 421 2345 484; baseline -0.005 -8"><span class='ocrx_word' id='word_1_29' title='bbox 158 436 346 476; x_wconf 82' lang='lat' dir='ltr'>iunctam</span> <span class='ocrx_word' id='word_1_30' title='bbox 378 433 420 473; x_wconf 93' lang='lat' dir='ltr'>in</span> <span class='ocrx_word' id='word_1_31' title='bbox 452 432 531 472; x_wconf 91' lang='lat' dir='ltr'>hoc</span> <span class='ocrx_word' id='word_1_32' title='bbox 556 434 758 472; x_wconf 81' lang='lat' dir='ltr'>constans</span> <span class='ocrx_word' id='word_1_33' title='bbox 782 442 953 484; x_wconf 81' lang='lat' dir='ltr'>operam</span> <span class='ocrx_word' id='word_1_34' title='bbox 977 430 1168 478; x_wconf 73' lang='lat' dir='ltr'>exercet,</span> <span class='ocrx_word' id='word_1_35' title='bbox 1200 429 1245 466; x_wconf 91' lang='lat' dir='ltr'>ut</span> <span class='ocrx_word' id='word_1_36' title='bbox 1268 423 1501 465; x_wconf 87' lang='lat' dir='ltr'>maioribus</span> <span class='ocrx_word' id='word_1_37' title='bbox 1526 422 1615 463; x_wconf 89' lang='lat' dir='ltr'>suis</span> <span class='ocrx_word' id='word_1_38' title='bbox 1638 425 1940 476; x_wconf 81' lang='lat' dir='ltr'>anteponatur.</span> <span class='ocrx_word' id='word_1_39' title='bbox 1985 421 2100 476; x_wconf 91' lang='lat' dir='ltr'>quod</span> <span class='ocrx_word' id='word_1_40' title='bbox 2131 428 2345 478; x_wconf 84' lang='lat' dir='ltr'>superest,</span> 
     </span>
     <span class='ocr_line' id='line_1_6' title="bbox 154 490 2347 557; baseline -0.005 -12"><span class='ocrx_word' id='word_1_41' title='bbox 154 503 281 544; x_wconf 90' lang='lat' dir='ltr'>deum</span> <span class='ocrx_word' id='word_1_42' title='bbox 313 514 457 557; x_wconf 74' lang='lat' dir='ltr'>posco,</span> <span class='ocrx_word' id='word_1_43' title='bbox 488 506 535 541; x_wconf 89' lang='lat' dir='ltr'>ut</span> <span class='ocrx_word' id='word_1_44' title='bbox 566 505 608 541; x_wconf 87' lang='lat' dir='ltr'>te</span> <span class='ocrx_word' id='word_1_45' title='bbox 640 499 715 539; x_wconf 92' lang='lat' dir='ltr'>filii</span> <span class='ocrx_word' id='word_1_46' title='bbox 748 500 1068 552; x_wconf 86' lang='lat' dir='ltr'>consequantur</span> <span class='ocrx_word' id='word_1_47' title='bbox 1110 498 1196 545; x_wconf 80' lang='lat' dir='ltr'>aut,</span> <span class='ocrx_word' id='word_1_48' title='bbox 1237 492 1351 548; x_wconf 90' lang='lat' dir='ltr'>quod</span> <span class='ocrx_word' id='word_1_49' title='bbox 1388 497 1430 533; x_wconf 91' lang='lat' dir='ltr'>te</span> <span class='ocrx_word' id='word_1_50' title='bbox 1467 492 1564 546; x_wconf 92' lang='lat' dir='ltr'>plus</span> <span class='ocrx_word' id='word_1_51' title='bbox 1605 490 1732 531; x_wconf 88' lang='lat' dir='ltr'>decet</span> <span class='ocrx_word' id='word_1_52' title='bbox 1773 490 1897 542; x_wconf 79' lang='lat' dir='ltr'>velle,</span> <span class='ocrx_word' id='word_1_53' title='bbox 1937 490 2260 542; x_wconf 78' lang='lat' dir='ltr'>transcendant,</span> <span class='ocrx_word' id='word_1_54' title='bbox 2304 497 2347 533; x_wconf 92' lang='lat' dir='ltr'>et</span> 
     </span>
     <span class='ocr_line' id='line_1_7' title="bbox 155 560 2348 626; baseline -0.005 -14"><span class='ocrx_word' id='word_1_55' title='bbox 155 572 411 626; x_wconf 73' lang='lat' dir='ltr'>quicumque</span> <span class='ocrx_word' id='word_1_56' title='bbox 470 583 554 610; x_wconf 91' lang='lat' dir='ltr'>non</span> <span class='ocrx_word' id='word_1_57' title='bbox 605 568 789 609; x_wconf 88' lang='lat' dir='ltr'>sustinet</span> <span class='ocrx_word' id='word_1_58' title='bbox 840 566 1020 619; x_wconf 83' lang='lat' dir='ltr'>diligere</span> <span class='ocrx_word' id='word_1_59' title='bbox 1066 566 1340 619; x_wconf 83' lang='lat' dir='ltr'>provectum,</span> <span class='ocrx_word' id='word_1_60' title='bbox 1398 560 1649 602; x_wconf 83' lang='lat' dir='ltr'>medullitus</span> <span class='ocrx_word' id='word_1_61' title='bbox 1695 562 1946 600; x_wconf 83' lang='lat' dir='ltr'>aestuantes</span> <span class='ocrx_word' id='word_1_62' title='bbox 1997 573 2022 599; x_wconf 90' lang='lat' dir='ltr'>a</span> <span class='ocrx_word' id='word_1_63' title='bbox 2069 563 2209 601; x_wconf 91' lang='lat' dir='ltr'>semet</span> <span class='ocrx_word' id='word_1_64' title='bbox 2257 560 2348 615; x_wconf 93' lang='lat' dir='ltr'>ipso</span> 
     </span>
     <span class='ocr_line' id='line_1_8' title="bbox 157 627 2345 694; baseline -0.005 -14"><span class='ocrx_word' id='word_1_65' title='bbox 157 640 302 680; x_wconf 78' lang='lat' dir='ltr'>livoris</span> <span class='ocrx_word' id='word_1_66' title='bbox 344 639 506 694; x_wconf 90' lang='lat' dir='ltr'>proprii</span> <span class='ocrx_word' id='word_1_67' title='bbox 545 650 715 692; x_wconf 79' lang='lat' dir='ltr'>semper</span> <span class='ocrx_word' id='word_1_68' title='bbox 756 635 903 688; x_wconf 82' lang='lat' dir='ltr'>exigat</span> <span class='ocrx_word' id='word_1_69' title='bbox 942 646 1125 689; x_wconf 85' lang='lat' dir='ltr'>poenas,</span> <span class='ocrx_word' id='word_1_70' title='bbox 1168 644 1350 685; x_wconf 90' lang='lat' dir='ltr'>cumque</span> <span class='ocrx_word' id='word_1_71' title='bbox 1390 629 1531 670; x_wconf 91' lang='lat' dir='ltr'>nullas</span> <span class='ocrx_word' id='word_1_72' title='bbox 1563 629 1679 669; x_wconf 89' lang='lat' dir='ltr'>inte</span> <span class='ocrx_word' id='word_1_73' title='bbox 1711 627 1914 668; x_wconf 82' lang='lat' dir='ltr'>habuerit</span> <span class='ocrx_word' id='word_1_74' title='bbox 1944 641 2147 681; x_wconf 92' lang='lat' dir='ltr'>umquam</span> <span class='ocrx_word' id='word_1_75' title='bbox 2177 628 2345 669; x_wconf 89' lang='lat' dir='ltr'>miseri-</span> 
     </span>
     <span class='ocr_line' id='line_1_9' title="bbox 156 696 2346 755; baseline -0.007 -6"><span class='ocrx_word' id='word_1_76' title='bbox 156 708 327 749; x_wconf 83' lang='lat' dir='ltr'>cordiae</span> <span class='ocrx_word' id='word_1_77' title='bbox 361 722 534 751; x_wconf 80' lang='lat' dir='ltr'>causas,</span> <span class='ocrx_word' id='word_1_78' title='bbox 575 706 733 747; x_wconf 84' lang='lat' dir='ltr'>habeat</span> <span class='ocrx_word' id='word_1_79' title='bbox 766 703 971 745; x_wconf 87' lang='lat' dir='ltr'>invidiae:</span> <span class='ocrx_word' id='word_1_80' title='bbox 1013 700 1223 755; x_wconf 82' lang='lat' dir='ltr'>siquidem</span> <span class='ocrx_word' id='word_1_81' title='bbox 1254 700 1366 740; x_wconf 89' lang='lat' dir='ltr'>iuste</span> <span class='ocrx_word' id='word_1_82' title='bbox 1405 698 1484 739; x_wconf 90' lang='lat' dir='ltr'>sub</span> <span class='ocrx_word' id='word_1_83' title='bbox 1523 698 1637 738; x_wconf 92' lang='lat' dir='ltr'>iusto</span> <span class='ocrx_word' id='word_1_84' title='bbox 1676 696 1870 751; x_wconf 81' lang='lat' dir='ltr'>principe</span> <span class='ocrx_word' id='word_1_85' title='bbox 1910 696 2024 736; x_wconf 90' lang='lat' dir='ltr'>iacet</span> <span class='ocrx_word' id='word_1_86' title='bbox 2055 697 2145 750; x_wconf 75' lang='lat' dir='ltr'>qui,</span> <span class='ocrx_word' id='word_1_87' title='bbox 2189 711 2268 752; x_wconf 90' lang='lat' dir='ltr'>per</span> <span class='ocrx_word' id='word_1_88' title='bbox 2300 712 2346 739; x_wconf 79' lang='lat' dir='ltr'>se</span> 
     </span>
     <span class='ocr_line' id='line_1_10' title="bbox 158 764 2346 830; baseline -0.008 -11"><span class='ocrx_word' id='word_1_89' title='bbox 158 778 356 818; x_wconf 83' lang='lat' dir='ltr'>minimus</span> <span class='ocrx_word' id='word_1_90' title='bbox 381 783 423 818; x_wconf 87' lang='lat' dir='ltr'>ct</span> <span class='ocrx_word' id='word_1_91' title='bbox 446 782 611 817; x_wconf 85' lang='lat' dir='ltr'>tantum</span> <span class='ocrx_word' id='word_1_92' title='bbox 636 789 713 830; x_wconf 91' lang='lat' dir='ltr'>per</span> <span class='ocrx_word' id='word_1_93' title='bbox 736 787 812 814; x_wconf 87' lang='lat' dir='ltr'>sua</span> <span class='ocrx_word' id='word_1_94' title='bbox 835 785 1076 816; x_wconf 69' lang='lat' dir='ltr'>maxumus,</span> <span class='ocrx_word' id='word_1_95' title='bbox 1110 769 1253 810; x_wconf 90' lang='lat' dir='ltr'>animo</span> <span class='ocrx_word' id='word_1_96' title='bbox 1278 768 1463 822; x_wconf 83' lang='lat' dir='ltr'>exiguus</span> <span class='ocrx_word' id='word_1_97' title='bbox 1488 766 1591 807; x_wconf 81' lang='lat' dir='ltr'>vivit</span> <span class='ocrx_word' id='word_1_98' title='bbox 1620 770 1662 806; x_wconf 89' lang='lat' dir='ltr'>et</span> <span class='ocrx_word' id='word_1_99' title='bbox 1690 764 1946 820; x_wconf 82' lang='lat' dir='ltr'>patrimonio</span> <span class='ocrx_word' id='word_1_100' title='bbox 1975 765 2198 820; x_wconf 82' lang='lat' dir='ltr'>plurimus.</span> <span class='ocrx_word' id='word_1_101' title='bbox 2235 766 2346 809; x_wconf 77' lang='lat' dir='ltr'>vale,</span> 
     </span>
    </p>
   </div>
   <div class='ocr_carea' id='block_1_4' title="bbox 723 1021 1780 1158">
    <p class='ocr_par' dir='ltr' id='par_1_4' title="bbox 723 1021 1780 1158">
     <span class='ocr_line' id='line_1_11' title="bbox 1194 1021 1320 1064; baseline -0.016 0"><span class='ocrx_word' id='word_1_102' title='bbox 1194 1021 1320 1064; x_wconf 86' lang='lat' dir='ltr'>VIII.</span> 
     </span>
     <span class='ocr_line' id='line_1_12' title="bbox 723 1109 1780 1158; baseline -0.008 0"><span class='ocrx_word' id='word_1_103' title='bbox 723 1115 1006 1158; x_wconf 81' lang='lat' dir='ltr'>SIDONIUS</span> <span class='ocrx_word' id='word_1_104' title='bbox 1041 1112 1302 1155; x_wconf 83' lang='lat' dir='ltr'><strong>SYAGRIO</strong></span> <span class='ocrx_word' id='word_1_105' title='bbox 1336 1111 1449 1153; x_wconf 89' lang='lat' dir='ltr'>SUO</span> <span class='ocrx_word' id='word_1_106' title='bbox 1484 1109 1780 1152; x_wconf 82' lang='lat' dir='ltr'>SALUTEM.</span> 
     </span>
    </p>
   </div>
   <div class='ocr_carea' id='block_1_5' title="bbox 154 1197 2349 1339">
    <p class='ocr_par' dir='ltr' id='par_1_5' title="bbox 154 1197 2349 1339">
     <span class='ocr_line' id='line_1_13' title="bbox 298 1197 2349 1266; baseline -0.002 -11"><span class='ocrx_word' id='word_1_107' title='bbox 298 1197 410 1257; x_wconf 66' lang='lat' dir='ltr'>Dm.</span> <span class='ocrx_word' id='word_1_108' title='bbox 445 1215 697 1256; x_wconf 71' lang='lat' dir='ltr'>Gallicanae</span> <span class='ocrx_word' id='word_1_109' title='bbox 730 1215 807 1255; x_wconf 84' lang='lat' dir='ltr'>flos</span> <span class='ocrx_word' id='word_1_110' title='bbox 850 1213 1099 1263; x_wconf 75' lang='lat' dir='ltr'>iuventutis,</span> <span class='ocrx_word' id='word_1_111' title='bbox 1144 1224 1367 1266; x_wconf 88' lang='lat' dir='ltr'>quousque</span> <span class='ocrx_word' id='word_1_112' title='bbox 1407 1208 1584 1250; x_wconf 88' lang='lat' dir='ltr'>tandem</span> <span class='ocrx_word' id='word_1_113' title='bbox 1622 1208 1830 1248; x_wconf 90' lang='lat' dir='ltr'>ruralium</span> <span class='ocrx_word' id='word_1_114' title='bbox 1877 1222 2055 1263; x_wconf 87' lang='lat' dir='ltr'>operum</span> <span class='ocrx_word' id='word_1_115' title='bbox 2102 1210 2349 1264; x_wconf 87' lang='lat' dir='ltr'>negotiosus</span> 
     </span>
     <span class='ocr_line' id='line_1_14' title="bbox 154 1279 2349 1339; baseline -0.002 -13"><span class='ocrx_word' id='word_1_116' title='bbox 154 1286 319 1327; x_wconf 87' lang='lat' dir='ltr'>urbana</span> <span class='ocrx_word' id='word_1_117' title='bbox 352 1285 545 1326; x_wconf 79' lang='lat' dir='ltr'>fastidis?</span> <span class='ocrx_word' id='word_1_118' title='bbox 580 1283 784 1339; x_wconf 89' lang='lat' dir='ltr'>quamdiu</span> <span class='ocrx_word' id='word_1_119' title='bbox 817 1284 987 1324; x_wconf 87' lang='lat' dir='ltr'>attritas</span> <span class='ocrx_word' id='word_1_120' title='bbox 1021 1287 1283 1323; x_wconf 82' lang='lat' dir='ltr'>tesserarum</span> <span class='ocrx_word' id='word_1_121' title='bbox 1315 1279 1531 1334; x_wconf 90' lang='lat' dir='ltr'>quondam</span> <span class='ocrx_word' id='word_1_122' title='bbox 1554 1279 1741 1320; x_wconf 88' lang='lat' dir='ltr'>iactibus</span> <span class='ocrx_word' id='word_1_123' title='bbox 1764 1292 1916 1319; x_wconf 86' lang='lat' dir='ltr'>manus</span> <span class='ocrx_word' id='word_1_124' title='bbox 1941 1280 2174 1320; x_wconf 88' lang='lat' dir='ltr'>contraius</span> <span class='ocrx_word' id='word_1_125' title='bbox 2197 1279 2349 1334; x_wconf 89' lang='lat' dir='ltr'>fasque</span> 
     </span>
    </p>
   </div>
   <div class='ocr_carea' id='block_1_6' title="bbox 157 1346 2379 1406">
    <p class='ocr_par' dir='ltr' id='par_1_6' title="bbox 157 1346 2379 1406">
     <span class='ocr_line' id='line_1_15' title="bbox 157 1346 2379 1406; baseline -0.002 -13"><span class='ocrx_word' id='word_1_126' title='bbox 157 1355 239 1395; x_wconf 83' lang='lat' dir='ltr'>sibi</span> <span class='ocrx_word' id='word_1_127' title='bbox 263 1353 481 1394; x_wconf 79' lang='lat' dir='ltr'>vindicant</span> <span class='ocrx_word' id='word_1_128' title='bbox 504 1354 791 1394; x_wconf 85' lang='lat' dir='ltr'>instrumenta.</span> <span class='ocrx_word' id='word_1_129' title='bbox 813 1353 1027 1394; x_wconf 82' lang='lat' dir='ltr'>cerealia?</span> <span class='ocrx_word' id='word_1_130' title='bbox 1062 1363 1287 1406; x_wconf 87' lang='lat' dir='ltr'>quousque</span> <span class='ocrx_word' id='word_1_131' title='bbox 1310 1353 1385 1389; x_wconf 90' lang='lat' dir='ltr'>tua</span> <span class='ocrx_word' id='word_1_132' title='bbox 1407 1352 1449 1389; x_wconf 90' lang='lat' dir='ltr'>te</span> <span class='ocrx_word' id='word_1_133' title='bbox 1473 1347 1747 1388; x_wconf 84' lang='lat' dir='ltr'>Taionnacus</span> <span class='ocrx_word' id='word_1_134' title='bbox 1770 1346 1979 1402; x_wconf 85' lang='lat' dir='ltr'>patriciae</span> <span class='ocrx_word' id='word_1_135' title='bbox 2003 1347 2147 1402; x_wconf 89' lang='lat' dir='ltr'>stirpis</span> <span class='ocrx_word' id='word_1_136' title='bbox 2170 1348 2352 1390; x_wconf 89' lang='lat' dir='ltr'>lassabit</span> <span class='ocrx_word' id='word_1_137' title='bbox 2376 1353 2379 1357; x_wconf 57' lang='lat'><strong>⁴</strong></span> 
     </span>
    </p>
   </div>
   <div class='ocr_carea' id='block_1_7' title="bbox 155 1417 2357 2290">
    <p class='ocr_par' dir='ltr' id='par_1_7' title="bbox 155 1417 2357 2290">
     <span class='ocr_line' id='line_1_16' title="bbox 155 1417 2350 1477; baseline -0.002 -14"><span class='ocrx_word' id='word_1_138' title='bbox 155 1423 422 1477; x_wconf 80' lang='lat' dir='ltr'>agricolam?</span> <span class='ocrx_word' id='word_1_139' title='bbox 468 1435 690 1477; x_wconf 89' lang='lat' dir='ltr'>quousque</span> <span class='ocrx_word' id='word_1_140' title='bbox 723 1421 835 1476; x_wconf 84' lang='lat' dir='ltr'>prati</span> <span class='ocrx_word' id='word_1_141' title='bbox 869 1421 1078 1462; x_wconf 86' lang='lat' dir='ltr'>comantis</span> <span class='ocrx_word' id='word_1_142' title='bbox 1111 1419 1289 1460; x_wconf 84' lang='lat' dir='ltr'>exuvias</span> <span class='ocrx_word' id='word_1_143' title='bbox 1331 1417 1526 1458; x_wconf 87' lang='lat' dir='ltr'>hibernis</span> <span class='ocrx_word' id='word_1_144' title='bbox 1567 1417 1791 1457; x_wconf 83' lang='lat' dir='ltr'>novalibus</span> <span class='ocrx_word' id='word_1_145' title='bbox 1834 1429 1920 1456; x_wconf 89' lang='lat' dir='ltr'>non</span> <span class='ocrx_word' id='word_1_146' title='bbox 1950 1420 1998 1456; x_wconf 94' lang='lat' dir='ltr'>ut</span> <span class='ocrx_word' id='word_1_147' title='bbox 2031 1430 2162 1471; x_wconf 90' lang='lat' dir='ltr'>eques</span> <span class='ocrx_word' id='word_1_148' title='bbox 2195 1417 2271 1458; x_wconf 93' lang='lat' dir='ltr'>sed</span> <span class='ocrx_word' id='word_1_149' title='bbox 2302 1422 2350 1458; x_wconf 91' lang='lat' dir='ltr'>ut</span> 
     </span>
     <span class='ocr_line' id='line_1_17' title="bbox 155 1484 2351 1544; baseline -0.002 -12"><span class='ocrx_word' id='word_1_150' title='bbox 155 1492 368 1533; x_wconf 85' lang='lat' dir='ltr'>bubulcus</span> <span class='ocrx_word' id='word_1_151' title='bbox 403 1490 662 1531; x_wconf 83' lang='lat' dir='ltr'>abscondis?</span> <span class='ocrx_word' id='word_1_152' title='bbox 696 1504 918 1544; x_wconf 91' lang='lat' dir='ltr'>quousque</span> <span class='ocrx_word' id='word_1_153' title='bbox 952 1488 1119 1544; x_wconf 91' lang='lat' dir='ltr'>pondus</span> <span class='ocrx_word' id='word_1_154' title='bbox 1152 1488 1309 1542; x_wconf 87' lang='lat' dir='ltr'>ligonis</span> <span class='ocrx_word' id='word_1_155' title='bbox 1341 1486 1485 1527; x_wconf 89' lang='lat' dir='ltr'>obtusi</span> <span class='ocrx_word' id='word_1_156' title='bbox 1517 1499 1595 1526; x_wconf 89' lang='lat' dir='ltr'>nec</span> <span class='ocrx_word' id='word_1_157' title='bbox 1628 1485 1833 1540; x_wconf 84' lang='lat' dir='ltr'>perfossis</span> <span class='ocrx_word' id='word_1_158' title='bbox 1858 1484 2031 1525; x_wconf 89' lang='lat' dir='ltr'>antibus</span> <span class='ocrx_word' id='word_1_159' title='bbox 2060 1486 2216 1540; x_wconf 86' lang='lat' dir='ltr'>ponis?</span> <span class='ocrx_word' id='word_1_160' title='bbox 2249 1487 2351 1541; x_wconf 92' lang='lat' dir='ltr'>quid</span> 
     </span>
     <span class='ocr_line' id='line_1_18' title="bbox 158 1553 2351 1610; baseline -0.002 -9"><span class='ocrx_word' id='word_1_161' title='bbox 158 1560 439 1601; x_wconf 80' lang='lat' dir='ltr'>Serranorum</span> <span class='ocrx_word' id='word_1_162' title='bbox 479 1560 676 1600; x_wconf 89' lang='lat' dir='ltr'>aemulus</span> <span class='ocrx_word' id='word_1_163' title='bbox 717 1563 759 1598; x_wconf 91' lang='lat' dir='ltr'>et</span> <span class='ocrx_word' id='word_1_164' title='bbox 792 1557 1074 1598; x_wconf 85' lang='lat' dir='ltr'>Camillorum</span> <span class='ocrx_word' id='word_1_165' title='bbox 1116 1571 1213 1597; x_wconf 92' lang='lat' dir='ltr'>cum</span> <span class='ocrx_word' id='word_1_166' title='bbox 1246 1570 1370 1610; x_wconf 85' lang='lat' dir='ltr'>regas</span> <span class='ocrx_word' id='word_1_167' title='bbox 1404 1555 1574 1605; x_wconf 80' lang='lat' dir='ltr'>stivam,</span> <span class='ocrx_word' id='word_1_168' title='bbox 1615 1553 1860 1594; x_wconf 87' lang='lat' dir='ltr'>dissimulas</span> <span class='ocrx_word' id='word_1_169' title='bbox 1905 1558 2054 1609; x_wconf 90' lang='lat' dir='ltr'>optare</span> <span class='ocrx_word' id='word_1_170' title='bbox 2086 1555 2351 1610; x_wconf 85' lang='lat' dir='ltr'>palmatam?</span> 
     </span>
     <span class='ocr_line' id='line_1_19' title="bbox 156 1623 2352 1685; baseline -0.001 -17"><span class='ocrx_word' id='word_1_171' title='bbox 156 1642 283 1685; x_wconf 82' lang='lat' dir='ltr'>parce</span> <span class='ocrx_word' id='word_1_172' title='bbox 317 1634 482 1668; x_wconf 84' lang='lat' dir='ltr'>tantum</span> <span class='ocrx_word' id='word_1_173' title='bbox 514 1628 555 1667; x_wconf 90' lang='lat' dir='ltr'>in</span> <span class='ocrx_word' id='word_1_174' title='bbox 589 1627 830 1668; x_wconf 88' lang='lat' dir='ltr'>nobilitatis</span> <span class='ocrx_word' id='word_1_175' title='bbox 863 1627 1065 1668; x_wconf 86' lang='lat' dir='ltr'>invidiam</span> <span class='ocrx_word' id='word_1_176' title='bbox 1109 1626 1319 1667; x_wconf 88' lang='lat' dir='ltr'>rusticari.</span> <span class='ocrx_word' id='word_1_177' title='bbox 1382 1638 1533 1679; x_wconf 81' lang='lat' dir='ltr'>agrum</span> <span class='ocrx_word' id='word_1_178' title='bbox 1574 1624 1608 1664; x_wconf 85' lang='lat' dir='ltr'>si</span> <span class='ocrx_word' id='word_1_179' title='bbox 1646 1623 1919 1664; x_wconf 87' lang='lat' dir='ltr'>mediocriter</span> <span class='ocrx_word' id='word_1_180' title='bbox 1961 1625 2092 1676; x_wconf 82' lang='lat' dir='ltr'>colas,</span> <span class='ocrx_word' id='word_1_181' title='bbox 2133 1625 2352 1680; x_wconf 85' lang='lat' dir='ltr'>possides;</span> 
     </span>
     <span class='ocr_line' id='line_1_20' title="bbox 159 1692 2355 1752; baseline -0.002 -13"><span class='ocrx_word' id='word_1_182' title='bbox 159 1700 191 1739; x_wconf 87' lang='lat' dir='ltr'>si</span> <span class='ocrx_word' id='word_1_183' title='bbox 226 1699 417 1739; x_wconf 90' lang='lat' dir='ltr'>nimium.</span> <span class='ocrx_word' id='word_1_184' title='bbox 451 1697 701 1752; x_wconf 69' lang='lat' dir='ltr'>possideris</span> <span class='ocrx_word' id='word_1_185' title='bbox 764 1696 896 1737; x_wconf 86' lang='lat' dir='ltr'>redde</span> <span class='ocrx_word' id='word_1_186' title='bbox 928 1701 970 1737; x_wconf 91' lang='lat' dir='ltr'>te</span> <span class='ocrx_word' id='word_1_187' title='bbox 1004 1696 1130 1751; x_wconf 81' lang='lat' dir='ltr'>patri,</span> <span class='ocrx_word' id='word_1_188' title='bbox 1163 1694 1295 1736; x_wconf 90' lang='lat' dir='ltr'>redde</span> <span class='ocrx_word' id='word_1_189' title='bbox 1317 1698 1359 1734; x_wconf 89' lang='lat' dir='ltr'>te</span> <span class='ocrx_word' id='word_1_190' title='bbox 1381 1693 1561 1748; x_wconf 61' lang='lat' dir='ltr'>patriae,</span> <span class='ocrx_word' id='word_1_191' title='bbox 1596 1692 1728 1733; x_wconf 89' lang='lat' dir='ltr'>redde</span> <span class='ocrx_word' id='word_1_192' title='bbox 1751 1697 1793 1733; x_wconf 92' lang='lat' dir='ltr'>te</span> <span class='ocrx_word' id='word_1_193' title='bbox 1818 1692 1946 1733; x_wconf 88' lang='lat' dir='ltr'>etiam</span> <span class='ocrx_word' id='word_1_194' title='bbox 1969 1692 2168 1734; x_wconf 90' lang='lat' dir='ltr'>fidelibus</span> <span class='ocrx_word' id='word_1_195' title='bbox 2189 1695 2355 1747; x_wconf 74' lang='lat' dir='ltr'>amicis,</span> 
     </span>
     <span class='ocr_line' id='line_1_21' title="bbox 158 1761 2351 1822; baseline 0 -17"><span class='ocrx_word' id='word_1_196' title='bbox 158 1768 228 1822; x_wconf 87' lang='lat' dir='ltr'>qui</span> <span class='ocrx_word' id='word_1_197' title='bbox 263 1768 354 1807; x_wconf 90' lang='lat' dir='ltr'>iure</span> <span class='ocrx_word' id='word_1_198' title='bbox 389 1770 606 1821; x_wconf 84' lang='lat' dir='ltr'>ponuntur</span> <span class='ocrx_word' id='word_1_199' title='bbox 638 1766 749 1807; x_wconf 90' lang='lat' dir='ltr'>inter</span> <span class='ocrx_word' id='word_1_200' title='bbox 781 1765 972 1806; x_wconf 88' lang='lat' dir='ltr'>affectus.</span> <span class='ocrx_word' id='word_1_201' title='bbox 1036 1768 1111 1805; x_wconf 91' lang='lat' dir='ltr'>aut</span> <span class='ocrx_word' id='word_1_202' title='bbox 1145 1764 1179 1804; x_wconf 92' lang='lat' dir='ltr'>si</span> <span class='ocrx_word' id='word_1_203' title='bbox 1212 1768 1254 1804; x_wconf 92' lang='lat' dir='ltr'>te</span> <span class='ocrx_word' id='word_1_204' title='bbox 1287 1766 1455 1803; x_wconf 90' lang='lat' dir='ltr'>tantum</span> <span class='ocrx_word' id='word_1_205' title='bbox 1488 1761 1734 1802; x_wconf 84' lang='lat' dir='ltr'>Cincinnati</span> <span class='ocrx_word' id='word_1_206' title='bbox 1777 1761 1995 1802; x_wconf 90' lang='lat' dir='ltr'>dictatoris</span> <span class='ocrx_word' id='word_1_207' title='bbox 2028 1762 2116 1803; x_wconf 89' lang='lat' dir='ltr'>vita</span> <span class='ocrx_word' id='word_1_208' title='bbox 2147 1762 2351 1816; x_wconf 83' lang='lat' dir='ltr'>delectat,</span> 
     </span>
     <span class='ocr_line' id='line_1_22' title="bbox 158 1830 2352 1890; baseline -0.001 -14"><span class='ocrx_word' id='word_1_209' title='bbox 158 1836 238 1876; x_wconf 84' lang='lat' dir='ltr'>duc</span> <span class='ocrx_word' id='word_1_210' title='bbox 273 1841 371 1876; x_wconf 84' lang='lat' dir='ltr'>ante</span> <span class='ocrx_word' id='word_1_211' title='bbox 405 1835 632 1885; x_wconf 78' lang='lat' dir='ltr'>Raciliam,</span> <span class='ocrx_word' id='word_1_212' title='bbox 666 1849 774 1890; x_wconf 91' lang='lat' dir='ltr'>quae</span> <span class='ocrx_word' id='word_1_213' title='bbox 807 1833 940 1875; x_wconf 84' lang='lat' dir='ltr'>boves</span> <span class='ocrx_word' id='word_1_214' title='bbox 974 1834 1136 1887; x_wconf 85' lang='lat' dir='ltr'>iungat.</span> <span class='ocrx_word' id='word_1_215' title='bbox 1199 1846 1341 1886; x_wconf 92' lang='lat' dir='ltr'>neque</span> <span class='ocrx_word' id='word_1_216' title='bbox 1375 1831 1557 1872; x_wconf 78' lang='lat' dir='ltr'>dixerim</span> <span class='ocrx_word' id='word_1_217' title='bbox 1598 1830 1783 1886; x_wconf 86' lang='lat' dir='ltr'>sapienti</span> <span class='ocrx_word' id='word_1_218' title='bbox 1825 1830 1914 1870; x_wconf 85' lang='lat' dir='ltr'>viro</span> <span class='ocrx_word' id='word_1_219' title='bbox 1946 1844 2037 1871; x_wconf 92' lang='lat' dir='ltr'>rem</span> <span class='ocrx_word' id='word_1_220' title='bbox 2069 1830 2352 1873; x_wconf 89' lang='lat' dir='ltr'>domesticam</span> 
     </span>
     <span class='ocr_line' id='line_1_23' title="bbox 157 1898 2354 1957; baseline -0.001 -13"><span class='ocrx_word' id='word_1_221' title='bbox 157 1919 241 1945; x_wconf 91' lang='lat' dir='ltr'>non</span> <span class='ocrx_word' id='word_1_222' title='bbox 276 1918 371 1945; x_wconf 83' lang='lat' dir='ltr'>esse</span> <span class='ocrx_word' id='word_1_223' title='bbox 405 1903 650 1953; x_wconf 62' lang='lat' dir='ltr'>curandam,</span> <span class='ocrx_word' id='word_1_224' title='bbox 685 1902 762 1944; x_wconf 88' lang='lat' dir='ltr'>sed</span> <span class='ocrx_word' id='word_1_225' title='bbox 795 1917 845 1943; x_wconf 92' lang='lat' dir='ltr'>eo</span> <span class='ocrx_word' id='word_1_226' title='bbox 878 1905 1237 1957; x_wconf 89' lang='lat' dir='ltr'>temperamento,</span> <span class='ocrx_word' id='word_1_227' title='bbox 1270 1914 1353 1955; x_wconf 90' lang='lat' dir='ltr'>quo</span> <span class='ocrx_word' id='word_1_228' title='bbox 1383 1914 1468 1941; x_wconf 92' lang='lat' dir='ltr'>non</span> <span class='ocrx_word' id='word_1_229' title='bbox 1499 1900 1635 1940; x_wconf 91' lang='lat' dir='ltr'>solum</span> <span class='ocrx_word' id='word_1_230' title='bbox 1660 1898 1762 1954; x_wconf 88' lang='lat' dir='ltr'>quid</span> <span class='ocrx_word' id='word_1_231' title='bbox 1782 1899 1943 1940; x_wconf 86' lang='lat' dir='ltr'>habere</span> <span class='ocrx_word' id='word_1_232' title='bbox 1967 1899 2043 1940; x_wconf 89' lang='lat' dir='ltr'>sed</span> <span class='ocrx_word' id='word_1_233' title='bbox 2067 1900 2169 1954; x_wconf 91' lang='lat' dir='ltr'>quid</span> <span class='ocrx_word' id='word_1_234' title='bbox 2192 1900 2354 1942; x_wconf 92' lang='lat' dir='ltr'>debeat</span> 
     </span>
     <span class='ocr_line' id='line_1_24' title="bbox 157 1968 2353 2026; baseline -0 -13"><span class='ocrx_word' id='word_1_235' title='bbox 157 1988 251 2013; x_wconf 79' lang='lat' dir='ltr'>esse</span> <span class='ocrx_word' id='word_1_236' title='bbox 287 1972 544 2013; x_wconf 86' lang='lat' dir='ltr'>consideret.</span> <span class='ocrx_word' id='word_1_237' title='bbox 602 1987 717 2023; x_wconf 71' lang='lat' dir='ltr'>nam,</span> <span class='ocrx_word' id='word_1_238' title='bbox 753 1973 787 2012; x_wconf 92' lang='lat' dir='ltr'>si</span> <span class='ocrx_word' id='word_1_239' title='bbox 821 1971 977 2012; x_wconf 86' lang='lat' dir='ltr'>ceteris</span> <span class='ocrx_word' id='word_1_240' title='bbox 1010 1970 1221 2011; x_wconf 89' lang='lat' dir='ltr'>nobilium</span> <span class='ocrx_word' id='word_1_241' title='bbox 1255 1968 1493 2010; x_wconf 89' lang='lat' dir='ltr'>studiorum</span> <span class='ocrx_word' id='word_1_242' title='bbox 1531 1968 1696 2010; x_wconf 90' lang='lat' dir='ltr'>artibus</span> <span class='ocrx_word' id='word_1_243' title='bbox 1728 1968 1965 2023; x_wconf 88' lang='lat' dir='ltr'>repudiatis</span> <span class='ocrx_word' id='word_1_244' title='bbox 1998 1970 2090 2009; x_wconf 89' lang='lat' dir='ltr'>sola</span> <span class='ocrx_word' id='word_1_245' title='bbox 2120 1974 2163 2010; x_wconf 86' lang='lat' dir='ltr'>te</span> <span class='ocrx_word' id='word_1_246' title='bbox 2195 1985 2353 2026; x_wconf 91' lang='lat' dir='ltr'>propa-</span> 
     </span>
     <span class='ocr_line' id='line_1_25' title="bbox 157 2037 2356 2096; baseline -0.001 -14"><span class='ocrx_word' id='word_1_247' title='bbox 157 2041 324 2096; x_wconf 81' lang='lat' dir='ltr'>gandae</span> <span class='ocrx_word' id='word_1_248' title='bbox 357 2041 420 2082; x_wconf 90' lang='lat' dir='ltr'>rei</span> <span class='ocrx_word' id='word_1_249' title='bbox 453 2041 678 2082; x_wconf 88' lang='lat' dir='ltr'>familiaris</span> <span class='ocrx_word' id='word_1_250' title='bbox 711 2041 851 2082; x_wconf 90' lang='lat' dir='ltr'>urtica</span> <span class='ocrx_word' id='word_1_251' title='bbox 884 2040 1099 2087; x_wconf 73' lang='lat' dir='ltr'>sollicitat,</span> <span class='ocrx_word' id='word_1_252' title='bbox 1132 2039 1235 2079; x_wconf 92' lang='lat' dir='ltr'>licet</span> <span class='ocrx_word' id='word_1_253' title='bbox 1265 2042 1312 2078; x_wconf 89' lang='lat' dir='ltr'>tu</span> <span class='ocrx_word' id='word_1_254' title='bbox 1341 2037 1574 2078; x_wconf 87' lang='lat' dir='ltr'>deductum</span> <span class='ocrx_word' id='word_1_255' title='bbox 1594 2051 1750 2078; x_wconf 88' lang='lat' dir='ltr'>nomen</span> <span class='ocrx_word' id='word_1_256' title='bbox 1773 2051 1797 2077; x_wconf 88' lang='lat' dir='ltr'>a</span> <span class='ocrx_word' id='word_1_257' title='bbox 1819 2037 1979 2078; x_wconf 87' lang='lat' dir='ltr'>trabeis</span> <span class='ocrx_word' id='word_1_258' title='bbox 2001 2041 2129 2092; x_wconf 90' lang='lat' dir='ltr'>atque</span> <span class='ocrx_word' id='word_1_259' title='bbox 2153 2039 2356 2081; x_wconf 88' lang='lat' dir='ltr'>eboratas</span> 
     </span>
     <span class='ocr_line' id='line_1_26' title="bbox 157 2103 2352 2164; baseline 0 -14"><span class='ocrx_word' id='word_1_260' title='bbox 157 2111 327 2151; x_wconf 78' lang='lat' dir='ltr'>curules</span> <span class='ocrx_word' id='word_1_261' title='bbox 361 2115 403 2151; x_wconf 88' lang='lat' dir='ltr'>et</span> <span class='ocrx_word' id='word_1_262' title='bbox 435 2110 693 2164; x_wconf 82' lang='lat' dir='ltr'>gestatorias</span> <span class='ocrx_word' id='word_1_263' title='bbox 726 2110 968 2151; x_wconf 89' lang='lat' dir='ltr'>bratteatas</span> <span class='ocrx_word' id='word_1_264' title='bbox 1003 2113 1045 2149; x_wconf 91' lang='lat' dir='ltr'>et</span> <span class='ocrx_word' id='word_1_265' title='bbox 1076 2103 1211 2149; x_wconf 77' lang='lat' dir='ltr'>fastos</span> <span class='ocrx_word' id='word_1_266' title='bbox 1243 2107 1409 2148; x_wconf 89' lang='lat' dir='ltr'>recolas</span> <span class='ocrx_word' id='word_1_267' title='bbox 1442 2107 1780 2162; x_wconf 72' lang='lat' dir='ltr'>purpurissatos,</span> <span class='ocrx_word' id='word_1_268' title='bbox 1822 2107 1857 2147; x_wconf 90' lang='lat' dir='ltr'>is</span> <span class='ocrx_word' id='word_1_269' title='bbox 1890 2107 2084 2162; x_wconf 89' lang='lat' dir='ltr'>profecto</span> <span class='ocrx_word' id='word_1_270' title='bbox 2115 2108 2352 2162; x_wconf 85' lang='lat' dir='ltr'>inveniere,</span> 
     </span>
     <span class='ocr_line' id='line_1_27' title="bbox 158 2176 2357 2233; baseline 0 -14"><span class='ocrx_word' id='word_1_271' title='bbox 158 2193 284 2233; x_wconf 86' lang='lat' dir='ltr'>quem</span> <span class='ocrx_word' id='word_1_272' title='bbox 317 2178 474 2220; x_wconf 87' lang='lat' dir='ltr'>debeat</span> <span class='ocrx_word' id='word_1_273' title='bbox 508 2179 566 2219; x_wconf 90' lang='lat' dir='ltr'>sic</span> <span class='ocrx_word' id='word_1_274' title='bbox 600 2179 855 2220; x_wconf 88' lang='lat' dir='ltr'>industrium</span> <span class='ocrx_word' id='word_1_275' title='bbox 897 2178 1011 2233; x_wconf 88' lang='lat' dir='ltr'>quod</span> <span class='ocrx_word' id='word_1_276' title='bbox 1048 2178 1257 2218; x_wconf 90' lang='lat' dir='ltr'>latentem</span> <span class='ocrx_word' id='word_1_277' title='bbox 1295 2190 1380 2217; x_wconf 91' lang='lat' dir='ltr'>non</span> <span class='ocrx_word' id='word_1_278' title='bbox 1420 2180 1507 2216; x_wconf 89' lang='lat' dir='ltr'>tam</span> <span class='ocrx_word' id='word_1_279' title='bbox 1547 2176 1760 2217; x_wconf 90' lang='lat' dir='ltr'>honorare</span> <span class='ocrx_word' id='word_1_280' title='bbox 1802 2190 1958 2217; x_wconf 90' lang='lat' dir='ltr'>censor</span> <span class='ocrx_word' id='word_1_281' title='bbox 1995 2190 2122 2230; x_wconf 91' lang='lat' dir='ltr'>quam</span> <span class='ocrx_word' id='word_1_282' title='bbox 2166 2178 2357 2219; x_wconf 88' lang='lat' dir='ltr'>censitor</span> 
     </span>
     <span class='ocr_line' id='line_1_28' title="bbox 160 2248 525 2290; baseline 0.008 -3"><span class='ocrx_word' id='word_1_283' title='bbox 160 2261 353 2289; x_wconf 89' lang='lat' dir='ltr'>onerare.</span> <span class='ocrx_word' id='word_1_284' title='bbox 416 2248 525 2290; x_wconf 80' lang='lat' dir='ltr'>vale.</span> 
     </span>
    </p>
   </div>
   <div class='ocr_carea' id='block_1_8' title="bbox 156 2416 2360 2624">
    <p class='ocr_par' dir='ltr' id='par_1_8' title="bbox 156 2416 2360 2624">
     <span class='ocr_line' id='line_1_29' title="bbox 296 2416 2355 2462; baseline 0.001 -13"><span class='ocrx_word' id='word_1_285' title='bbox 296 2418 311 2450; x_wconf 83' lang='lat'>1</span> <span class='ocrx_word' id='word_1_286' title='bbox 339 2419 464 2450; x_wconf 80' lang='lat' dir='ltr'>nichilo</span> <span class='ocrx_word' id='word_1_287' title='bbox 480 2417 527 2450; x_wconf 78' lang='lat' dir='ltr'><em>M</em></span> <span class='ocrx_word' id='word_1_288' title='bbox 530 2417 561 2449; x_wconf 85' lang='lat' dir='ltr'><em>T</em></span> <span class='ocrx_word' id='word_1_289' title='bbox 561 2416 666 2450; x_wconf 85' lang='lat' dir='ltr'>CFP</span> <span class='ocrx_word' id='word_1_290' title='bbox 734 2420 866 2462; x_wconf 78' lang='lat' dir='ltr'>signius</span> <span class='ocrx_word' id='word_1_291' title='bbox 882 2417 915 2451; x_wconf 92' lang='lat' dir='ltr'><em>L</em></span> <span class='ocrx_word' id='word_1_292' title='bbox 987 2420 1092 2452; x_wconf 86' lang='lat' dir='ltr'>nichil</span> <span class='ocrx_word' id='word_1_293' title='bbox 1106 2418 1154 2452; x_wconf 87' lang='lat' dir='ltr'><em>M</em></span> <span class='ocrx_word' id='word_1_294' title='bbox 1157 2417 1188 2452; x_wconf 91' lang='lat' dir='ltr'><em>T</em></span> <span class='ocrx_word' id='word_1_295' title='bbox 1187 2417 1261 2452; x_wconf 87' lang='lat' dir='ltr'>FP</span> <span class='ocrx_word' id='word_1_296' title='bbox 1375 2417 1397 2451; x_wconf 96' lang='grc'>2</span> <span class='ocrx_word' id='word_1_297' title='bbox 1422 2419 1628 2452; x_wconf 80' lang='lat' dir='ltr'>sentenciam</span> <span class='ocrx_word' id='word_1_298' title='bbox 1646 2416 1676 2451; x_wconf 84' lang='lat' dir='ltr'><em>C</em></span> <span class='ocrx_word' id='word_1_299' title='bbox 1788 2417 1808 2452; x_wconf 89' lang='lat'><strong>3</strong></span> <span class='ocrx_word' id='word_1_300' title='bbox 1826 2425 1982 2452; x_wconf 84' lang='lat' dir='ltr'>constans</span> <span class='ocrx_word' id='word_1_301' title='bbox 2000 2431 2063 2452; x_wconf 80' lang='lat' dir='ltr'>om.</span> <span class='ocrx_word' id='word_1_302' title='bbox 2083 2417 2115 2451; x_wconf 88' lang='lat' dir='ltr'><em>T</em></span> <span class='ocrx_word' id='word_1_303' title='bbox 2226 2418 2247 2451; x_wconf 87' lang='lat'>4</span> <span class='ocrx_word' id='word_1_304' title='bbox 2265 2420 2355 2462; x_wconf 86' lang='lat' dir='ltr'>quod</span> 
     </span>
     <span class='ocr_line' id='line_1_30' title="bbox 156 2492 2358 2543; baseline 0 -12"><span class='ocrx_word' id='word_1_305' title='bbox 156 2507 187 2531; x_wconf 74' lang='lat' dir='ltr'>tc</span> <span class='ocrx_word' id='word_1_306' title='bbox 208 2496 250 2530; x_wconf 82' lang='lat' dir='ltr'>L.</span> <span class='ocrx_word' id='word_1_307' title='bbox 276 2499 365 2540; x_wconf 80' lang='lat' dir='ltr'>quod</span> <span class='ocrx_word' id='word_1_308' title='bbox 385 2496 569 2530; x_wconf 79' lang='lat' dir='ltr'><em>MTCFP</em></span> <span class='ocrx_word' id='word_1_309' title='bbox 653 2500 749 2532; x_wconf 86' lang='lat' dir='ltr'>(lecet</span> <span class='ocrx_word' id='word_1_310' title='bbox 773 2501 850 2543; x_wconf 88' lang='lat' dir='ltr'>plus</span> <span class='ocrx_word' id='word_1_311' title='bbox 870 2498 901 2531; x_wconf 89' lang='lat' dir='ltr'><em>T</em></span> <span class='ocrx_word' id='word_1_312' title='bbox 1035 2500 1056 2532; x_wconf 75' lang='grc' dir='ltr'>ἴ)</span> <span class='ocrx_word' id='word_1_313' title='bbox 1081 2502 1225 2533; x_wconf 87' lang='lat' dir='ltr'>sustinet</span> <span class='ocrx_word' id='word_1_314' title='bbox 1239 2498 1284 2541; x_wconf 95' lang='lat' dir='ltr'>L,</span> <span class='ocrx_word' id='word_1_315' title='bbox 1309 2501 1453 2533; x_wconf 81' lang='lat' dir='ltr'>sustinet</span> <span class='ocrx_word' id='word_1_316' title='bbox 1479 2506 1511 2533; x_wconf 86' lang='lat' dir='ltr'>te</span> <span class='ocrx_word' id='word_1_317' title='bbox 1526 2498 1688 2541; x_wconf 80' lang='lat' dir='ltr'><em>MCFP,</em></span> <span class='ocrx_word' id='word_1_318' title='bbox 1713 2501 1881 2533; x_wconf 83' lang='lat' dir='ltr'>sustinent</span> <span class='ocrx_word' id='word_1_319' title='bbox 1905 2506 1938 2532; x_wconf 87' lang='lat' dir='ltr'>te</span> <span class='ocrx_word' id='word_1_320' title='bbox 1960 2498 1991 2531; x_wconf 90' lang='lat' dir='ltr'><em>T</em></span> <span class='ocrx_word' id='word_1_321' title='bbox 2118 2498 2138 2532; x_wconf 85' lang='lat' dir='ltr'>G</span> <span class='ocrx_word' id='word_1_322' title='bbox 2163 2492 2305 2543; x_wconf 78' lang='lat' dir='ltr'>propriis</span> <span class='ocrx_word' id='word_1_323' title='bbox 2323 2497 2358 2532; x_wconf 88' lang='lat' dir='ltr'><strong><em>L</em></strong></span> 
     </span>
     <span class='ocr_line' id='line_1_31' title="bbox 157 2576 2360 2624; baseline 0.001 -15"><span class='ocrx_word' id='word_1_324' title='bbox 157 2591 304 2620; x_wconf 78' lang='lat' dir='ltr'>unquam</span> <span class='ocrx_word' id='word_1_325' title='bbox 325 2576 372 2610; x_wconf 77' lang='lat' dir='ltr'>M</span> <span class='ocrx_word' id='word_1_326' title='bbox 485 2577 502 2610; x_wconf 77' lang='grc' dir='ltr'>ἶ</span> <span class='ocrx_word' id='word_1_327' title='bbox 521 2590 556 2611; x_wconf 83' lang='lat' dir='ltr'>sc</span> <span class='ocrx_word' id='word_1_328' title='bbox 580 2591 639 2621; x_wconf 84' lang='lat' dir='ltr'>per</span> <span class='ocrx_word' id='word_1_329' title='bbox 653 2577 692 2611; x_wconf 86' lang='lat' dir='ltr'><em>F</em></span> <span class='ocrx_word' id='word_1_330' title='bbox 803 2579 825 2612; x_wconf 78' lang='grc'>8</span> <span class='ocrx_word' id='word_1_331' title='bbox 846 2582 1013 2613; x_wconf 84' lang='lat' dir='ltr'>maximus</span> <span class='ocrx_word' id='word_1_332' title='bbox 1028 2579 1211 2613; x_wconf 82' lang='lat' dir='ltr'><em>MTCFP</em></span> <span class='ocrx_word' id='word_1_333' title='bbox 1279 2577 1414 2613; x_wconf 76' lang='lat' dir='ltr'>maxim&#39;</span> <span class='ocrx_word' id='word_1_334' title='bbox 1434 2579 1472 2622; x_wconf 86' lang='lat' dir='ltr'>T,</span> <span class='ocrx_word' id='word_1_335' title='bbox 1496 2580 1511 2612; x_wconf 65' lang='lat' dir='ltr'>l</span> <span class='ocrx_word' id='word_1_336' title='bbox 1529 2576 1663 2624; x_wconf 84' lang='lat' dir='ltr'>plurim&#39;</span> <span class='ocrx_word' id='word_1_337' title='bbox 1681 2593 1705 2613; x_wconf 81' lang='lat' dir='ltr'>s.</span> <span class='ocrx_word' id='word_1_338' title='bbox 1725 2582 1745 2613; x_wconf 81' lang='lat' dir='ltr'>Z.</span> <span class='ocrx_word' id='word_1_339' title='bbox 1763 2581 1845 2613; x_wconf 74' lang='lat' dir='ltr'>add.</span> <span class='ocrx_word' id='word_1_340' title='bbox 1861 2579 1910 2612; x_wconf 87' lang='lat' dir='ltr'>T¹</span> <span class='ocrx_word' id='word_1_341' title='bbox 2029 2580 2050 2613; x_wconf 85' lang='lat'>9</span> <span class='ocrx_word' id='word_1_342' title='bbox 2075 2581 2198 2623; x_wconf 80' lang='lat' dir='ltr'>siagrio</span> <span class='ocrx_word' id='word_1_343' title='bbox 2215 2578 2360 2612; x_wconf 81' lang='lat' dir='ltr'><em>MTCP</em></span> 
     </span>
    </p>
   </div>
   <div class='ocr_carea' id='block_1_9' title="bbox 158 2643 2356 2942">
    <p class='ocr_par' dir='ltr' id='par_1_9' title="bbox 158 2643 2356 2942">
     <span class='ocr_line' id='line_1_32' title="bbox 162 2643 2356 2703; baseline 0.001 -12"><span class='ocrx_word' id='word_1_344' title='bbox 162 2659 204 2691; x_wconf 82' lang='lat'>10</span> <span class='ocrx_word' id='word_1_345' title='bbox 227 2660 426 2702; x_wconf 71' lang='lat' dir='ltr'>negociosns</span> <span class='ocrx_word' id='word_1_346' title='bbox 443 2657 472 2688; x_wconf 76' lang='lat'>(¹</span> <span class='ocrx_word' id='word_1_347' title='bbox 551 2661 686 2701; x_wconf 75' lang='lat' dir='ltr'>negotio</span> <span class='ocrx_word' id='word_1_348' title='bbox 712 2661 907 2693; x_wconf 85' lang='lat' dir='ltr'>suburbana</span> <span class='ocrx_word' id='word_1_349' title='bbox 926 2659 957 2691; x_wconf 88' lang='lat' dir='ltr'><em>T</em></span> <span class='ocrx_word' id='word_1_350' title='bbox 1082 2660 1122 2693; x_wconf 88' lang='grc'>11</span> <span class='ocrx_word' id='word_1_351' title='bbox 1146 2662 1297 2703; x_wconf 86' lang='lat' dir='ltr'>quandiu</span> <span class='ocrx_word' id='word_1_352' title='bbox 1313 2660 1362 2693; x_wconf 87' lang='lat' dir='ltr'><em>M</em></span> <span class='ocrx_word' id='word_1_353' title='bbox 1439 2662 1554 2694; x_wconf 84' lang='lat' dir='ltr'>atritas</span> <span class='ocrx_word' id='word_1_354' title='bbox 1576 2667 1779 2694; x_wconf 81' lang='lat' dir='ltr'>tessararum</span> <span class='ocrx_word' id='word_1_355' title='bbox 1799 2659 1828 2693; x_wconf 80' lang='lat' dir='ltr'><em>C</em></span> <span class='ocrx_word' id='word_1_356' title='bbox 1906 2643 2029 2694; x_wconf 61' lang='lat' dir='ltr'>ictibus</span> <span class='ocrx_word' id='word_1_357' title='bbox 2045 2658 2093 2692; x_wconf 58' lang='grc' dir='ltr'>Οἱ</span> <span class='ocrx_word' id='word_1_358' title='bbox 2225 2660 2267 2693; x_wconf 89' lang='grc'>12</span> <span class='ocrx_word' id='word_1_359' title='bbox 2286 2662 2356 2693; x_wconf 82' lang='lat' dir='ltr'>vin-</span> 
     </span>
     <span class='ocr_line' id='line_1_33' title="bbox 163 2737 2356 2784; baseline 0.001 -14"><span class='ocrx_word' id='word_1_360' title='bbox 163 2740 275 2770; x_wconf 76' lang='lat' dir='ltr'>dicant</span> <span class='ocrx_word' id='word_1_361' title='bbox 302 2738 423 2780; x_wconf 67' lang='lat' dir='ltr'>(prior.</span> <span class='ocrx_word' id='word_1_362' title='bbox 451 2739 459 2770; x_wconf 94' lang='lat' dir='ltr'>i</span> <span class='ocrx_word' id='word_1_363' title='bbox 486 2750 573 2771; x_wconf 73' lang='lat' dir='ltr'>corr.</span> <span class='ocrx_word' id='word_1_364' title='bbox 601 2740 633 2770; x_wconf 76' lang='lat' dir='ltr'>in</span> <span class='ocrx_word' id='word_1_365' title='bbox 659 2751 676 2772; x_wconf 88' lang='lat' dir='ltr'>e</span> <span class='ocrx_word' id='word_1_366' title='bbox 704 2737 776 2781; x_wconf 70' lang='lat' dir='ltr'>F2)</span> <span class='ocrx_word' id='word_1_367' title='bbox 802 2738 841 2771; x_wconf 83' lang='lat' dir='ltr'><em>F</em></span> <span class='ocrx_word' id='word_1_368' title='bbox 947 2741 1080 2773; x_wconf 84' lang='lat' dir='ltr'>cerialia</span> <span class='ocrx_word' id='word_1_369' title='bbox 1105 2738 1139 2772; x_wconf 89' lang='lat' dir='ltr'><em>L</em></span> <span class='ocrx_word' id='word_1_370' title='bbox 1250 2741 1379 2773; x_wconf 79' lang='lat' dir='ltr'>laxabit</span> <span class='ocrx_word' id='word_1_371' title='bbox 1408 2739 1440 2772; x_wconf 89' lang='lat' dir='ltr'><em>T</em></span> <span class='ocrx_word' id='word_1_372' title='bbox 1599 2740 1641 2773; x_wconf 85' lang='lat'>13</span> <span class='ocrx_word' id='word_1_373' title='bbox 1667 2752 1844 2783; x_wconf 85' lang='lat' dir='ltr'>quousque</span> <span class='ocrx_word' id='word_1_374' title='bbox 1869 2741 1956 2784; x_wconf 87' lang='lat' dir='ltr'>prati</span> <span class='ocrx_word' id='word_1_375' title='bbox 1979 2752 2083 2782; x_wconf 73' lang='lat' dir='ltr'>usque</span> <span class='ocrx_word' id='word_1_376' title='bbox 2108 2740 2155 2772; x_wconf 80' lang='lat' dir='ltr'>ad</span> <span class='ocrx_word' id='word_1_377' title='bbox 2178 2741 2356 2772; x_wconf 83' lang='lat' dir='ltr'>abscondis</span> 
     </span>
     <span class='ocr_line' id='line_1_34' title="bbox 158 2817 2355 2860; baseline 0.002 -13"><span class='ocrx_word' id='word_1_378' title='bbox 158 2832 221 2850; x_wconf 68' lang='lat' dir='ltr'>nm.</span> <span class='ocrx_word' id='word_1_379' title='bbox 251 2817 303 2850; x_wconf 80' lang='lat' dir='ltr'>M.</span> <span class='ocrx_word' id='word_1_380' title='bbox 328 2819 409 2850; x_wconf 64' lang='lat' dir='ltr'>(ulzl.</span> <span class='ocrx_word' id='word_1_381' title='bbox 436 2820 469 2850; x_wconf 82' lang='grc' dir='ltr'>ἱη</span> <span class='ocrx_word' id='word_1_382' title='bbox 495 2831 603 2860; x_wconf 63' lang='lat' dir='ltr'>mar-fs.</span> <span class='ocrx_word' id='word_1_383' title='bbox 626 2817 687 2850; x_wconf 81' lang='lat' dir='ltr'>M¹</span> <span class='ocrx_word' id='word_1_384' title='bbox 830 2819 872 2852; x_wconf 83' lang='lat'>14</span> <span class='ocrx_word' id='word_1_385' title='bbox 898 2821 1065 2853; x_wconf 78' lang='lat' dir='ltr'>bobulcus</span> <span class='ocrx_word' id='word_1_386' title='bbox 1092 2819 1122 2853; x_wconf 87' lang='lat' dir='ltr'>C&#39;</span> <span class='ocrx_word' id='word_1_387' title='bbox 1265 2820 1308 2853; x_wconf 75' lang='lat'>15</span> <span class='ocrx_word' id='word_1_388' title='bbox 1333 2833 1572 2853; x_wconf 79' lang='lat' dir='ltr'>serrannm·um</span> <span class='ocrx_word' id='word_1_389' title='bbox 1598 2818 1638 2852; x_wconf 85' lang='lat' dir='ltr'><em>F</em></span> <span class='ocrx_word' id='word_1_390' title='bbox 1783 2820 1825 2853; x_wconf 85' lang='grc'>16</span> <span class='ocrx_word' id='word_1_391' title='bbox 1850 2821 1985 2853; x_wconf 86' lang='lat' dir='ltr'>tandem</span> <span class='ocrx_word' id='word_1_392' title='bbox 2013 2817 2042 2851; x_wconf 84' lang='lat' dir='ltr'><strong><em>C</em></strong></span> <span class='ocrx_word' id='word_1_393' title='bbox 2190 2817 2230 2851; x_wconf 80' lang='grc'>17</span> <span class='ocrx_word' id='word_1_394' title='bbox 2255 2821 2355 2852; x_wconf 86' lang='lat' dir='ltr'>redde</span> 
     </span>
     <span class='ocr_line' id='line_1_35' title="bbox 158 2897 2355 2942; baseline 0 -11"><span class='ocrx_word' id='word_1_395' title='bbox 158 2906 190 2931; x_wconf 84' lang='lat' dir='ltr'>tc</span> <span class='ocrx_word' id='word_1_396' title='bbox 216 2900 341 2941; x_wconf 79' lang='lat' dir='ltr'>patriae</span> <span class='ocrx_word' id='word_1_397' title='bbox 368 2911 392 2932; x_wconf 70' lang='grc' dir='ltr'>ε.</span> <span class='ocrx_word' id='word_1_398' title='bbox 420 2900 439 2932; x_wconf 78' lang='grc' dir='ltr'>Ζ.</span> <span class='ocrx_word' id='word_1_399' title='bbox 468 2900 547 2932; x_wconf 74' lang='lat' dir='ltr'>add.</span> <span class='ocrx_word' id='word_1_400' title='bbox 571 2897 634 2931; x_wconf 86' lang='lat' dir='ltr'>M¹</span> <span class='ocrx_word' id='word_1_401' title='bbox 731 2905 762 2932; x_wconf 84' lang='lat' dir='ltr'>te</span> <span class='ocrx_word' id='word_1_402' title='bbox 788 2906 866 2933; x_wconf 71' lang='lat' dir='ltr'>ante</span> <span class='ocrx_word' id='word_1_403' title='bbox 891 2902 990 2933; x_wconf 84' lang='lat' dir='ltr'>ctiam</span> <span class='ocrx_word' id='word_1_404' title='bbox 1017 2913 1080 2934; x_wconf 83' lang='lat' dir='ltr'>om.</span> <span class='ocrx_word' id='word_1_405' title='bbox 1101 2898 1135 2933; x_wconf 88' lang='lat' dir='ltr'><strong><em>L</em></strong></span> <span class='ocrx_word' id='word_1_406' title='bbox 1229 2902 1330 2933; x_wconf 86' lang='lat' dir='ltr'>etiam</span> <span class='ocrx_word' id='word_1_407' title='bbox 1355 2903 1376 2933; x_wconf 72' lang='lat'><strong><em>2</em></strong></span> <span class='ocrx_word' id='word_1_408' title='bbox 1401 2901 1459 2933; x_wconf 70' lang='lat' dir='ltr'>litt.</span> <span class='ocrx_word' id='word_1_409' title='bbox 1486 2912 1573 2933; x_wconf 77' lang='lat' dir='ltr'>eras.</span> <span class='ocrx_word' id='word_1_410' title='bbox 1596 2912 1622 2932; x_wconf 82' lang='lat' dir='ltr'>s.</span> <span class='ocrx_word' id='word_1_411' title='bbox 1642 2901 1663 2933; x_wconf 85' lang='lat' dir='ltr'>Z.</span> <span class='ocrx_word' id='word_1_412' title='bbox 1681 2900 1763 2932; x_wconf 75' lang='lat' dir='ltr'>add.</span> <span class='ocrx_word' id='word_1_413' title='bbox 1783 2898 1847 2931; x_wconf 85' lang='lat' dir='ltr'>M¹</span> <span class='ocrx_word' id='word_1_414' title='bbox 1990 2898 2033 2931; x_wconf 83' lang='lat'>18</span> <span class='ocrx_word' id='word_1_415' title='bbox 2057 2904 2090 2932; x_wconf 85' lang='lat' dir='ltr'>te</span> <span class='ocrx_word' id='word_1_416' title='bbox 2113 2904 2245 2932; x_wconf 81' lang='lat' dir='ltr'>tantum</span> <span class='ocrx_word' id='word_1_417' title='bbox 2263 2897 2355 2942; x_wconf 85' lang='lat' dir='ltr'>LM,</span> 
     </span>
    </p>
   </div>
   <div class='ocr_carea' id='block_1_10' title="bbox 158 2976 2360 3367">
    <p class='ocr_par' dir='ltr' id='par_1_10' title="bbox 158 2976 2358 3026">
     <span class='ocr_line' id='line_1_36' title="bbox 158 2976 2358 3026; baseline 0 -16"><span class='ocrx_word' id='word_1_418' title='bbox 158 2986 289 3011; x_wconf 74' lang='lat' dir='ltr'>tantuin</span> <span class='ocrx_word' id='word_1_419' title='bbox 316 2987 347 3011; x_wconf 84' lang='lat' dir='ltr'>te</span> <span class='ocrx_word' id='word_1_420' title='bbox 375 2976 410 3019; x_wconf 61' lang='grc' dir='ltr'>Γ,</span> <span class='ocrx_word' id='word_1_421' title='bbox 446 2984 576 3026; x_wconf 71' lang='lat' dir='ltr'>tantum</span> <span class='ocrx_word' id='word_1_422' title='bbox 604 2978 680 3019; x_wconf 82' lang='lat' dir='ltr'>(om.</span> <span class='ocrx_word' id='word_1_423' title='bbox 708 2979 753 3020; x_wconf 86' lang='lat' dir='ltr'>te)</span> <span class='ocrx_word' id='word_1_424' title='bbox 780 2991 804 3012; x_wconf 79' lang='lat'>8.</span> <span class='ocrx_word' id='word_1_425' title='bbox 832 2980 854 3013; x_wconf 78' lang='lat' dir='ltr'>l.</span> <span class='ocrx_word' id='word_1_426' title='bbox 880 2981 962 3013; x_wconf 50' lang='lat' dir='ltr'>adel.</span> <span class='ocrx_word' id='word_1_427' title='bbox 986 2978 1046 3021; x_wconf 86' lang='lat' dir='ltr'>T¹,</span> <span class='ocrx_word' id='word_1_428' title='bbox 1080 2986 1212 3013; x_wconf 84' lang='lat' dir='ltr'>tantum</span> <span class='ocrx_word' id='word_1_429' title='bbox 1238 2980 1283 3021; x_wconf 87' lang='lat' dir='ltr'>(te</span> <span class='ocrx_word' id='word_1_430' title='bbox 1308 2981 1390 3013; x_wconf 76' lang='lat' dir='ltr'>add.</span> <span class='ocrx_word' id='word_1_431' title='bbox 1416 2981 1451 3012; x_wconf 76' lang='lat' dir='ltr'>in</span> <span class='ocrx_word' id='word_1_432' title='bbox 1476 2992 1584 3023; x_wconf 67' lang='lat' dir='ltr'>marg.</span> <span class='ocrx_word' id='word_1_433' title='bbox 1610 2978 1681 3022; x_wconf 71' lang='lat' dir='ltr'>Fl)</span> <span class='ocrx_word' id='word_1_434' title='bbox 1711 2977 1758 3021; x_wconf 84' lang='lat' dir='ltr'>F,</span> <span class='ocrx_word' id='word_1_435' title='bbox 1792 2985 1823 3012; x_wconf 87' lang='lat' dir='ltr'>te</span> <span class='ocrx_word' id='word_1_436' title='bbox 1850 2979 1996 3021; x_wconf 78' lang='lat' dir='ltr'>(tantum</span> <span class='ocrx_word' id='word_1_437' title='bbox 2022 2991 2046 3012; x_wconf 82' lang='lat'>3.</span> <span class='ocrx_word' id='word_1_438' title='bbox 2074 2980 2096 3012; x_wconf 78' lang='lat' dir='ltr'>l.</span> <span class='ocrx_word' id='word_1_439' title='bbox 2122 2980 2202 3012; x_wconf 68' lang='lat' dir='ltr'>adel.</span> <span class='ocrx_word' id='word_1_440' title='bbox 2224 2977 2296 3021; x_wconf 87' lang='lat' dir='ltr'>P¹)</span> <span class='ocrx_word' id='word_1_441' title='bbox 2322 2977 2358 3011; x_wconf 92' lang='lat' dir='ltr'><strong><em>P</em></strong></span> 
     </span>
    </p>

    <p class='ocr_par' dir='ltr' id='par_1_11' title="bbox 158 3030 2355 3102">
     <span class='ocr_line' id='line_1_37' title="bbox 158 3030 2355 3102; baseline 0.001 -12"><span class='ocrx_word' id='word_1_442' title='bbox 158 3057 345 3091; x_wconf 77' lang='lat' dir='ltr'>cincinnati</span> <span class='ocrx_word' id='word_1_443' title='bbox 374 3056 412 3099; x_wconf 82' lang='lat' dir='ltr'>T,</span> <span class='ocrx_word' id='word_1_444' title='bbox 448 3030 574 3091; x_wconf 55' lang='lat' dir='ltr'>‘effluam</span> <span class='ocrx_word' id='word_1_445' title='bbox 603 3057 649 3090; x_wconf 70' lang='lat'>0¹</span> <span class='ocrx_word' id='word_1_446' title='bbox 776 3060 936 3093; x_wconf 83' lang='lat' dir='ltr'>delectari</span> <span class='ocrx_word' id='word_1_447' title='bbox 968 3060 1009 3101; x_wconf 79' lang='lat' dir='ltr'>(ri</span> <span class='ocrx_word' id='word_1_448' title='bbox 1035 3073 1122 3094; x_wconf 79' lang='lat' dir='ltr'>corr.</span> <span class='ocrx_word' id='word_1_449' title='bbox 1148 3062 1184 3093; x_wconf 81' lang='lat' dir='ltr'>in</span> <span class='ocrx_word' id='word_1_450' title='bbox 1209 3066 1223 3093; x_wconf 84' lang='lat' dir='ltr'>t</span> <span class='ocrx_word' id='word_1_451' title='bbox 1247 3059 1320 3102; x_wconf 86' lang='lat' dir='ltr'>F¹)</span> <span class='ocrx_word' id='word_1_452' title='bbox 1350 3057 1389 3092; x_wconf 87' lang='lat' dir='ltr'><em>F</em></span> <span class='ocrx_word' id='word_1_453' title='bbox 1557 3059 1600 3092; x_wconf 88' lang='grc'>19</span> <span class='ocrx_word' id='word_1_454' title='bbox 1632 3061 1795 3093; x_wconf 88' lang='lat' dir='ltr'>ducanter</span> <span class='ocrx_word' id='word_1_455' title='bbox 1824 3061 1956 3093; x_wconf 85' lang='lat' dir='ltr'>aciliam</span> <span class='ocrx_word' id='word_1_456' title='bbox 1981 3058 2026 3101; x_wconf 90' lang='lat' dir='ltr'>L,</span> <span class='ocrx_word' id='word_1_457' title='bbox 2060 3061 2355 3093; x_wconf 61' lang='lat' dir='ltr'>d11e222222222erciliam</span> 
     </span>
    </p>

    <p class='ocr_par' dir='ltr' id='par_1_12' title="bbox 159 3137 2356 3182">
     <span class='ocr_line' id='line_1_38' title="bbox 159 3137 2356 3182; baseline 0.001 -13"><span class='ocrx_word' id='word_1_458' title='bbox 159 3137 194 3170; x_wconf 77' lang='lat'>(3</span> <span class='ocrx_word' id='word_1_459' title='bbox 220 3139 277 3169; x_wconf 77' lang='lat' dir='ltr'>lm.</span> <span class='ocrx_word' id='word_1_460' title='bbox 304 3150 390 3170; x_wconf 66' lang='lat' dir='ltr'>eras.</span> <span class='ocrx_word' id='word_1_461' title='bbox 413 3137 493 3179; x_wconf 49' lang='grc' dir='ltr'>ΜΖ)</span> <span class='ocrx_word' id='word_1_462' title='bbox 520 3137 574 3179; x_wconf 81' lang='lat' dir='ltr'>M,</span> <span class='ocrx_word' id='word_1_463' title='bbox 607 3139 712 3171; x_wconf 59' lang='lat' dir='ltr'>ducit</span> <span class='ocrx_word' id='word_1_464' title='bbox 738 3139 910 3171; x_wconf 72' lang='lat' dir='ltr'>herc-iliam</span> <span class='ocrx_word' id='word_1_465' title='bbox 940 3137 978 3180; x_wconf 82' lang='lat' dir='ltr'>T,</span> <span class='ocrx_word' id='word_1_466' title='bbox 1012 3140 1078 3172; x_wconf 87' lang='lat' dir='ltr'>duc</span> <span class='ocrx_word' id='word_1_467' title='bbox 1103 3141 1251 3172; x_wconf 88' lang='lat' dir='ltr'>erciliam</span> <span class='ocrx_word' id='word_1_468' title='bbox 1280 3137 1353 3180; x_wconf 77' lang='grc' dir='ltr'>ΟΡ,</span> <span class='ocrx_word' id='word_1_469' title='bbox 1387 3140 1432 3171; x_wconf 69' lang='lat' dir='ltr'>ds}</span> <span class='ocrx_word' id='word_1_470' title='bbox 1459 3138 1539 3181; x_wconf 87' lang='lat' dir='ltr'>(duc</span> <span class='ocrx_word' id='word_1_471' title='bbox 1564 3140 1645 3171; x_wconf 77' lang='lat' dir='ltr'>add.</span> <span class='ocrx_word' id='word_1_472' title='bbox 1671 3140 1706 3172; x_wconf 78' lang='lat' dir='ltr'>in</span> <span class='ocrx_word' id='word_1_473' title='bbox 1730 3151 1838 3182; x_wconf 62' lang='grc' dir='ltr'>τηαν-9.</span> <span class='ocrx_word' id='word_1_474' title='bbox 1857 3138 1929 3180; x_wconf 83' lang='lat' dir='ltr'>F¹)</span> <span class='ocrx_word' id='word_1_475' title='bbox 1955 3141 2104 3172; x_wconf 84' lang='lat' dir='ltr'>erciliam</span> <span class='ocrx_word' id='word_1_476' title='bbox 2131 3138 2170 3172; x_wconf 86' lang='lat' dir='ltr'><em>F</em></span> <span class='ocrx_word' id='word_1_477' title='bbox 2270 3151 2356 3182; x_wconf 84' lang='lat' dir='ltr'>quae</span> 
     </span>
    </p>

    <p class='ocr_par' dir='ltr' id='par_1_13' title="bbox 159 3215 2360 3262">
     <span class='ocr_line' id='line_1_39' title="bbox 159 3215 2360 3262; baseline 0.001 -14"><span class='ocrx_word' id='word_1_478' title='bbox 159 3218 263 3249; x_wconf 72' lang='lat' dir='ltr'>boves</span> <span class='ocrx_word' id='word_1_479' title='bbox 290 3215 484 3255; x_wconf 61' lang='lat' dir='ltr'><em>LMFFR</em></span> <span class='ocrx_word' id='word_1_480' title='bbox 510 3219 652 3260; x_wconf 69' lang='lat' dir='ltr'>bovesq3</span> <span class='ocrx_word' id='word_1_481' title='bbox 686 3216 716 3248; x_wconf 84' lang='lat' dir='ltr'><em>T</em></span> <span class='ocrx_word' id='word_1_482' title='bbox 830 3219 974 3262; x_wconf 83' lang='lat' dir='ltr'>iungant</span> <span class='ocrx_word' id='word_1_483' title='bbox 997 3217 1097 3261; x_wconf 79' lang='lat' dir='ltr'>(post.</span> <span class='ocrx_word' id='word_1_484' title='bbox 1123 3231 1144 3251; x_wconf 91' lang='lat' dir='ltr'>n</span> <span class='ocrx_word' id='word_1_485' title='bbox 1172 3231 1260 3252; x_wconf 81' lang='lat' dir='ltr'>eras.</span> <span class='ocrx_word' id='word_1_486' title='bbox 1280 3217 1360 3261; x_wconf 87' lang='lat' dir='ltr'>M¹)</span> <span class='ocrx_word' id='word_1_487' title='bbox 1386 3216 1505 3251; x_wconf 88' lang='lat' dir='ltr'>LMT</span> <span class='ocrx_word' id='word_1_488' title='bbox 1661 3217 1708 3251; x_wconf 88' lang='grc'>20</span> <span class='ocrx_word' id='word_1_489' title='bbox 1732 3220 1915 3252; x_wconf 86' lang='lat' dir='ltr'>curandam</span> <span class='ocrx_word' id='word_1_490' title='bbox 1941 3219 1975 3261; x_wconf 91' lang='lat' dir='ltr'>(d</span> <span class='ocrx_word' id='word_1_491' title='bbox 2001 3231 2090 3253; x_wconf 73' lang='lat' dir='ltr'>corr.</span> <span class='ocrx_word' id='word_1_492' title='bbox 2115 3231 2155 3252; x_wconf 68' lang='lat' dir='ltr'>ex</span> <span class='ocrx_word' id='word_1_493' title='bbox 2179 3220 2210 3252; x_wconf 85' lang='lat' dir='ltr'>cl</span> <span class='ocrx_word' id='word_1_494' title='bbox 2238 3217 2302 3260; x_wconf 77' lang='lat'>0¹)</span> <span class='ocrx_word' id='word_1_495' title='bbox 2330 3217 2360 3251; x_wconf 84' lang='lat' dir='ltr'>C&#39;</span> 
     </span>
    </p>

    <p class='ocr_par' dir='ltr' id='par_1_14' title="bbox 160 3295 2353 3367">
     <span class='ocr_line' id='line_1_40' title="bbox 160 3295 2353 3341; baseline 0.002 -13"><span class='ocrx_word' id='word_1_496' title='bbox 160 3308 226 3339; x_wconf 76' lang='lat' dir='ltr'>quo</span> <span class='ocrx_word' id='word_1_497' title='bbox 246 3295 290 3337; x_wconf 88' lang='lat' dir='ltr'>L,</span> <span class='ocrx_word' id='word_1_498' title='bbox 315 3298 403 3339; x_wconf 77' lang='lat' dir='ltr'>quod</span> <span class='ocrx_word' id='word_1_499' title='bbox 426 3295 605 3329; x_wconf 68' lang='lat' dir='ltr'><em>MTCFP</em></span> <span class='ocrx_word' id='word_1_500' title='bbox 730 3297 771 3329; x_wconf 83' lang='grc'>21</span> <span class='ocrx_word' id='word_1_501' title='bbox 798 3300 928 3331; x_wconf 75' lang='lat' dir='ltr'>artibus</span> <span class='ocrx_word' id='word_1_502' title='bbox 953 3311 978 3332; x_wconf 78' lang='grc' dir='ltr'>ε.</span> <span class='ocrx_word' id='word_1_503' title='bbox 998 3300 1020 3332; x_wconf 80' lang='grc' dir='ltr'>ἶ.</span> <span class='ocrx_word' id='word_1_504' title='bbox 1039 3300 1120 3332; x_wconf 74' lang='lat' dir='ltr'>add.</span> <span class='ocrx_word' id='word_1_505' title='bbox 1140 3298 1206 3331; x_wconf 65' lang='lat'>,711¹</span> <span class='ocrx_word' id='word_1_506' title='bbox 1337 3297 1382 3331; x_wconf 88' lang='grc'>22</span> <span class='ocrx_word' id='word_1_507' title='bbox 1405 3299 1565 3331; x_wconf 85' lang='lat' dir='ltr'>attrabcis</span> <span class='ocrx_word' id='word_1_508' title='bbox 1579 3296 1618 3330; x_wconf 86' lang='lat' dir='ltr'><em>F</em></span> <span class='ocrx_word' id='word_1_509' title='bbox 1694 3300 1802 3341; x_wconf 84' lang='lat' dir='ltr'>adque</span> <span class='ocrx_word' id='word_1_510' title='bbox 1820 3297 1854 3331; x_wconf 89' lang='lat' dir='ltr'><em>L</em></span> <span class='ocrx_word' id='word_1_511' title='bbox 1977 3297 2022 3331; x_wconf 84' lang='grc'>23</span> <span class='ocrx_word' id='word_1_512' title='bbox 2047 3305 2080 3332; x_wconf 87' lang='lat' dir='ltr'>et</span> <span class='ocrx_word' id='word_1_513' title='bbox 2103 3311 2127 3333; x_wconf 82' lang='lat' dir='ltr'>s.</span> <span class='ocrx_word' id='word_1_514' title='bbox 2147 3301 2169 3332; x_wconf 87' lang='lat' dir='ltr'>I.</span> <span class='ocrx_word' id='word_1_515' title='bbox 2189 3300 2271 3333; x_wconf 79' lang='lat' dir='ltr'>add.</span> <span class='ocrx_word' id='word_1_516' title='bbox 2289 3299 2353 3332; x_wconf 90' lang='lat' dir='ltr'>M¹</span> 
     </span>
     <span class='ocr_line' id='line_1_41' title="bbox 1357 3351 1371 3367; baseline 0 0"><span class='ocrx_word' id='word_1_517' title='bbox 1357 3351 1371 3367; x_wconf 76' lang='lat' dir='ltr'>e</span> 
     </span>
    </p>
   </div>
   <div class='ocr_carea' id='block_1_11' title="bbox 159 3367 2355 3421">
    <p class='ocr_par' dir='ltr' id='par_1_15' title="bbox 159 3367 2355 3421">
     <span class='ocr_line' id='line_1_42' title="bbox 159 3367 2355 3421; baseline 0.003 -15"><span class='ocrx_word' id='word_1_518' title='bbox 159 3376 367 3407; x_wconf 80' lang='lat' dir='ltr'>brattlicatas</span> <span class='ocrx_word' id='word_1_519' title='bbox 395 3374 522 3417; x_wconf 68' lang='lat' dir='ltr'>JIFP,</span> <span class='ocrx_word' id='word_1_520' title='bbox 550 3377 722 3409; x_wconf 80' lang='lat' dir='ltr'>brattheas</span> <span class='ocrx_word' id='word_1_521' title='bbox 751 3375 782 3408; x_wconf 91' lang='lat' dir='ltr'><em>T</em></span> <span class='ocrx_word' id='word_1_522' title='bbox 870 3376 1104 3421; x_wconf 46' lang='lat' dir='ltr'>pupu&#39;rissatos</span> <span class='ocrx_word' id='word_1_523' title='bbox 1122 3376 1157 3410; x_wconf 83' lang='lat' dir='ltr'><em>L</em></span> <span class='ocrx_word' id='word_1_524' title='bbox 1251 3379 1404 3411; x_wconf 83' lang='lat' dir='ltr'>invenire</span> <span class='ocrx_word' id='word_1_525' title='bbox 1428 3376 1476 3409; x_wconf 87' lang='lat' dir='ltr'><em>M</em></span> <span class='ocrx_word' id='word_1_526' title='bbox 1481 3379 1505 3419; x_wconf 80' lang='lat'>²,</span> <span class='ocrx_word' id='word_1_527' title='bbox 1529 3379 1682 3411; x_wconf 86' lang='lat' dir='ltr'>invenire</span> <span class='ocrx_word' id='word_1_528' title='bbox 1704 3376 1736 3409; x_wconf 86' lang='lat' dir='ltr'><em>T</em></span> <span class='ocrx_word' id='word_1_529' title='bbox 1735 3375 1803 3409; x_wconf 82' lang='lat' dir='ltr'>CF</span> <span class='ocrx_word' id='word_1_530' title='bbox 1802 3376 1837 3410; x_wconf 89' lang='lat' dir='ltr'><em>P</em></span> <span class='ocrx_word' id='word_1_531' title='bbox 1975 3367 2020 3410; x_wconf 82' lang='grc'>24</span> <span class='ocrx_word' id='word_1_532' title='bbox 2045 3380 2190 3412; x_wconf 85' lang='lat' dir='ltr'>censitor</span> <span class='ocrx_word' id='word_1_533' title='bbox 2214 3391 2355 3413; x_wconf 86' lang='lat' dir='ltr'>onerare</span> 
     </span>
    </p>
   </div>
   <div class='ocr_carea' id='block_1_12' title="bbox 160 3454 2354 3499">
    <p class='ocr_par' dir='ltr' id='par_1_16' title="bbox 160 3454 2354 3499">
     <span class='ocr_line' id='line_1_43' title="bbox 160 3454 2354 3499; baseline 0.003 -14"><span class='ocrx_word' id='word_1_534' title='bbox 160 3456 291 3497; x_wconf 57' lang='lat' dir='ltr'>scripsi.</span> <span class='ocrx_word' id='word_1_535' title='bbox 306 3456 416 3487; x_wconf 75' lang='lat' dir='ltr'>cens&amp;</span> <span class='ocrx_word' id='word_1_536' title='bbox 431 3467 607 3488; x_wconf 70' lang='lat' dir='ltr'>oronerarc</span> <span class='ocrx_word' id='word_1_537' title='bbox 620 3454 664 3496; x_wconf 73' lang='lat' dir='ltr'>L,</span> <span class='ocrx_word' id='word_1_538' title='bbox 681 3468 823 3489; x_wconf 73' lang='lat' dir='ltr'>censens</span> <span class='ocrx_word' id='word_1_539' title='bbox 839 3468 976 3489; x_wconf 80' lang='lat' dir='ltr'>onerare</span> <span class='ocrx_word' id='word_1_540' title='bbox 990 3455 1041 3498; x_wconf 83' lang='lat' dir='ltr'>M,</span> <span class='ocrx_word' id='word_1_541' title='bbox 1059 3468 1201 3490; x_wconf 87' lang='lat' dir='ltr'>censens</span> <span class='ocrx_word' id='word_1_542' title='bbox 1214 3457 1377 3490; x_wconf 86' lang='lat' dir='ltr'>honerare</span> <span class='ocrx_word' id='word_1_543' title='bbox 1391 3456 1427 3499; x_wconf 88' lang='lat' dir='ltr'>(h</span> <span class='ocrx_word' id='word_1_544' title='bbox 1441 3468 1528 3489; x_wconf 75' lang='lat' dir='ltr'>eras.</span> <span class='ocrx_word' id='word_1_545' title='bbox 1540 3455 1610 3499; x_wconf 87' lang='lat' dir='ltr'>P&#39;·’)</span> <span class='ocrx_word' id='word_1_546' title='bbox 1627 3455 1658 3488; x_wconf 88' lang='lat' dir='ltr'><em>T</em></span> <span class='ocrx_word' id='word_1_547' title='bbox 1656 3455 1695 3489; x_wconf 86' lang='lat' dir='ltr'><em>F</em></span> <span class='ocrx_word' id='word_1_548' title='bbox 1696 3455 1738 3498; x_wconf 83' lang='lat' dir='ltr'>P,</span> <span class='ocrx_word' id='word_1_549' title='bbox 1754 3468 1871 3490; x_wconf 87' lang='lat' dir='ltr'>censes</span> <span class='ocrx_word' id='word_1_550' title='bbox 1885 3469 2023 3490; x_wconf 84' lang='lat' dir='ltr'>onerare</span> <span class='ocrx_word' id='word_1_551' title='bbox 2034 3455 2064 3489; x_wconf 83' lang='lat' dir='ltr'><strong><em>G</em></strong></span> <span class='ocrx_word' id='word_1_552' title='bbox 2175 3457 2220 3490; x_wconf 79' lang='lat'>25</span> <span class='ocrx_word' id='word_1_553' title='bbox 2233 3460 2354 3491; x_wconf 82' lang='lat' dir='ltr'>VALE</span> 
     </span>
    </p>
   </div>
   <div class='ocr_carea' id='block_1_13' title="bbox 240 3525 317 3527">
    <p class='ocr_par' dir='ltr' id='par_1_17' title="bbox 240 3525 317 3527">
     <span class='ocr_line' id='line_1_44' title="bbox 240 3525 317 3527; baseline 0 0"><span class='ocrx_word' id='word_1_554' title='bbox 240 3525 317 3527; x_wconf 95' lang='lat' dir='ltr'> </span> 
     </span>
    </p>
   </div>
   <div class='ocr_carea' id='block_1_14' title="bbox 163 3526 2354 3580">
    <p class='ocr_par' dir='ltr' id='par_1_18' title="bbox 163 3526 2354 3580">
     <span class='ocr_line' id='line_1_45' title="bbox 163 3526 2354 3580; baseline 0.002 -14"><span class='ocrx_word' id='word_1_555' title='bbox 163 3536 206 3566; x_wconf 75' lang='lat' dir='ltr'>IN</span> <span class='ocrx_word' id='word_1_556' title='bbox 235 3537 324 3567; x_wconf 66' lang='lat' dir='ltr'>xv«)</span> <span class='ocrx_word' id='word_1_557' title='bbox 354 3533 385 3565; x_wconf 84' lang='lat' dir='ltr'><em>T</em></span> <span class='ocrx_word' id='word_1_558' title='bbox 480 3541 564 3577; x_wconf 53' lang='lat' dir='ltr'>pont.</span> <span class='ocrx_word' id='word_1_559' title='bbox 591 3547 639 3577; x_wconf 81' lang='lat' dir='ltr'>ep.</span> <span class='ocrx_word' id='word_1_560' title='bbox 664 3535 763 3567; x_wconf 87' lang='lat' dir='ltr'><em>VIII</em></span> <span class='ocrx_word' id='word_1_561' title='bbox 783 3536 865 3568; x_wconf 74' lang='lat' dir='ltr'>haec</span> <span class='ocrx_word' id='word_1_562' title='bbox 889 3537 1086 3578; x_wconf 70' lang='lat' dir='ltr'>subscriptio</span> <span class='ocrx_word' id='word_1_563' title='bbox 1113 3527 1288 3569; x_wconf 65' lang='lat' dir='ltr'>EXPLIE.</span> <span class='ocrx_word' id='word_1_564' title='bbox 1315 3526 1399 3569; x_wconf 69' lang='lat' dir='ltr'>LIH.</span> <span class='ocrx_word' id='word_1_565' title='bbox 1422 3538 1496 3568; x_wconf 82' lang='lat' dir='ltr'>Vll.</span> <span class='ocrx_word' id='word_1_566' title='bbox 1523 3528 1654 3570; x_wconf 57' lang='lat' dir='ltr'>1NC117.</span> <span class='ocrx_word' id='word_1_567' title='bbox 1674 3538 1755 3569; x_wconf 87' lang='lat' dir='ltr'>VIII</span> <span class='ocrx_word' id='word_1_568' title='bbox 1781 3538 1840 3578; x_wconf 74' lang='lat' dir='ltr'>leq.</span> <span class='ocrx_word' id='word_1_569' title='bbox 1866 3537 1902 3568; x_wconf 80' lang='lat' dir='ltr'>in</span> <span class='ocrx_word' id='word_1_570' title='bbox 1924 3535 1962 3578; x_wconf 88' lang='lat' dir='ltr'>T,</span> <span class='ocrx_word' id='word_1_571' title='bbox 1991 3538 2088 3579; x_wconf 77' lang='lat' dir='ltr'>quali</span> <span class='ocrx_word' id='word_1_572' title='bbox 2112 3539 2354 3580; x_wconf 67' lang='lat' dir='ltr'>subscriptione</span> 
     </span>
    </p>
   </div>
   <div class='ocr_carea' id='block_1_15' title="bbox 161 3615 2353 3662">
    <p class='ocr_par' dir='ltr' id='par_1_19' title="bbox 161 3615 2353 3662">
     <span class='ocr_line' id='line_1_46' title="bbox 161 3615 2353 3662; baseline 0.002 -17"><span class='ocrx_word' id='word_1_573' title='bbox 161 3620 195 3645; x_wconf 76' lang='lat' dir='ltr'>ut</span> <span class='ocrx_word' id='word_1_574' title='bbox 219 3627 244 3646; x_wconf 75' lang='lat' dir='ltr'>r,</span> <span class='ocrx_word' id='word_1_575' title='bbox 272 3626 370 3645; x_wconf 72' lang='lat' dir='ltr'>erasa</span> <span class='ocrx_word' id='word_1_576' title='bbox 404 3626 522 3646; x_wconf 74' lang='lat' dir='ltr'>censor</span> <span class='ocrx_word' id='word_1_577' title='bbox 553 3627 653 3656; x_wconf 81' lang='lat' dir='ltr'>quarn</span> <span class='ocrx_word' id='word_1_578' title='bbox 685 3626 826 3647; x_wconf 75' lang='lat' dir='ltr'>censens</span> <span class='ocrx_word' id='word_1_579' title='bbox 857 3627 996 3649; x_wconf 79' lang='lat' dir='ltr'>onerare</span> <span class='ocrx_word' id='word_1_580' title='bbox 1029 3616 1103 3648; x_wconf 75' lang='lat' dir='ltr'>vale</span> <span class='ocrx_word' id='word_1_581' title='bbox 1135 3628 1208 3647; x_wconf 79' lang='lat' dir='ltr'>cum</span> <span class='ocrx_word' id='word_1_582' title='bbox 1239 3628 1302 3658; x_wconf 77' lang='lat' dir='ltr'>seq.</span> <span class='ocrx_word' id='word_1_583' title='bbox 1329 3628 1378 3658; x_wconf 78' lang='lat' dir='ltr'>ep.</span> <span class='ocrx_word' id='word_1_584' title='bbox 1403 3617 1619 3658; x_wconf 69' lang='lat' dir='ltr'>inscriptione</span> <span class='ocrx_word' id='word_1_585' title='bbox 1651 3617 1685 3648; x_wconf 83' lang='grc' dir='ltr'>ἱη</span> <span class='ocrx_word' id='word_1_586' title='bbox 1714 3628 1783 3649; x_wconf 76' lang='lat' dir='ltr'>ras.</span> <span class='ocrx_word' id='word_1_587' title='bbox 1810 3616 1892 3648; x_wconf 74' lang='lat' dir='ltr'>add.</span> <span class='ocrx_word' id='word_1_588' title='bbox 1921 3615 2002 3655; x_wconf 83' lang='lat' dir='ltr'>M¹;</span> <span class='ocrx_word' id='word_1_589' title='bbox 2031 3629 2080 3660; x_wconf 78' lang='lat' dir='ltr'>ep.</span> <span class='ocrx_word' id='word_1_590' title='bbox 2101 3617 2161 3649; x_wconf 80' lang='lat' dir='ltr'>IX</span> <span class='ocrx_word' id='word_1_591' title='bbox 2181 3618 2353 3662; x_wconf 74' lang='lat' dir='ltr'>inscriptio</span> 
     </span>
    </p>
   </div>
   <div class='ocr_carea' id='block_1_16' title="bbox 162 3691 376 3726">
    <p class='ocr_par' dir='ltr' id='par_1_20' title="bbox 162 3691 376 3726">
     <span class='ocr_line' id='line_1_47' title="bbox 162 3691 376 3726; baseline -0.005 -1"><span class='ocrx_word' id='word_1_592' title='bbox 162 3694 250 3726; x_wconf 59' lang='lat' dir='ltr'>deest</span> <span class='ocrx_word' id='word_1_593' title='bbox 281 3694 314 3725; x_wconf 83' lang='lat' dir='ltr'>in</span> <span class='ocrx_word' id='word_1_594' title='bbox 348 3691 376 3724; x_wconf 90' lang='lat' dir='ltr'><em>T</em></span> 
     </span>
    </p>
   </div>
   <div class='ocr_carea' id='block_1_17' title="bbox 2388 1219 2420 1243">
    <p class='ocr_par' dir='ltr' id='par_1_21' title="bbox 2388 1219 2420 1243">
     <span class='ocr_line' id='line_1_48' title="bbox 2388 1219 2420 1243; baseline -0.031 0"><span class='ocrx_word' id='word_1_595' title='bbox 2388 1219 2420 1243; x_wconf 90' lang='grc'>10</span> 
     </span>
    </p>
   </div>
   <div class='ocr_carea' id='block_1_18' title="bbox 2390 1566 2421 1589">
    <p class='ocr_par' dir='ltr' id='par_1_22' title="bbox 2390 1566 2421 1589">
     <span class='ocr_line' id='line_1_49' title="bbox 2390 1566 2421 1589; baseline 0.032 -1"><span class='ocrx_word' id='word_1_596' title='bbox 2390 1566 2421 1589; x_wconf 80' lang='lat'>15</span> 
     </span>
    </p>
   </div>
   <div class='ocr_carea' id='block_1_19' title="bbox 2390 1911 2422 1935">
    <p class='ocr_par' dir='ltr' id='par_1_23' title="bbox 2390 1911 2422 1935">
     <span class='ocr_line' id='line_1_50' title="bbox 2390 1911 2422 1935; baseline -0.031 0"><span class='ocrx_word' id='word_1_597' title='bbox 2390 1911 2422 1935; x_wconf 77' lang='lat'>20</span> 
     </span>
    </p>
   </div>
   <div class='ocr_carea' id='block_1_20' title="bbox 2391 2256 2422 2281">
    <p class='ocr_par' dir='ltr' id='par_1_24' title="bbox 2391 2256 2422 2281">
     <span class='ocr_line' id='line_1_51' title="bbox 2391 2256 2422 2281; baseline -0.032 0"><span class='ocrx_word' id='word_1_598' title='bbox 2391 2256 2422 2281; x_wconf 74' lang='lat'>‘25</span> 
     </span>
    </p>
   </div>
  </div>
 </body>
</html>
