2583 4011
814 187 1081 223 AUCTORUM
1107 188 1302 224 SIDONIO
1329 190 1664 227 ANTERIORUM.

301 300 544 344 SIDONII
572 301 1034 345 EPISTULARUM

127 369 214 404 VIII
229 369 286 410 3,3
304 382 310 404 ι
337 369 541 404 carminum
582 370 709 405 modos
750 371 819 405 tibi
855 399 861 405 .
879 399 885 405 .
904 398 911 405 .
928 398 935 406 .
969 371 1200 415 penitissime

263 426 477 461 familiares.
510 427 555 470 cf.
571 428 605 462 II
623 430 700 468 10‚3
715 442 721 463 ι
740 428 925 463 trochaeis
940 428 1150 473 triplicibus
1169 458 1175 464 .
1192 457 1197 463 .

263 484 354 518 mihi
382 512 412 520 ..
439 484 763 529 perfamiliaribus.

229 554 236 575 :
263 541 461 586 perorandi
486 569 493 576 .
511 569 540 577 ..
567 542 714 582 flumen,
740 543 838 586 quod
867 554 938 577 non
965 543 1082 578 solum
1109 556 1198 587 gen-

262 598 421 633 tilicium
448 598 511 634 sed
538 599 782 634 domesticum
808 600 889 635 tibi.

124 712 210 747 VIII
224 713 306 755 3,4:
333 724 466 748 exuere
499 716 701 758 utcumque
732 715 1068 750 continuatissimis
1101 716 1197 750 curis

261 772 299 805 et
323 771 442 806 otium
470 774 574 806 tuum
608 771 768 806 molibus
801 773 933 807 aulicis
959 773 1196 817 motibusqu«⁴

260 829 393 863 furare.

226 899 233 920 :
259 886 307 920 ad
334 886 559 932 Aethiopum
593 887 918 932 gymnosophistas
950 888 1196 932 Indorumque

260 943 490 978 bracmanas.

122 999 278 1042 VI113‚5
298 1014 305 1035 :
331 1001 550 1046 pumicatos.
587 1003 628 1044 cll
649 1002 744 1041 173.

225 1071 232 1092 :
259 1058 463 1093 venerabili
490 1059 661 1103 squalore
687 1060 900 1105 pretiosum.

120 1115 208 1150 VIII
220 1116 302 1156 3.6:
329 1117 401 1151 fors
428 1117 509 1151 fuat
534 1128 592 1153 an.
631 1118 674 1159 cf.
696 1118 831 1156 11217.

120 1173 207 1208 VIII
219 1174 273 1215 4,1
295 1187 302 1208 :
328 1185 402 1208 non
428 1174 549 1209 minus
584 1175 670 1210 stilo
696 1187 806 1220 quam
836 1175 972 1210 vomeri
1000 1175 1193 1210 incumbis.

255 1231 298 1274 cf.
318 1231 413 1272 13‚1.

223 1302 230 1323 z
257 1288 399 1323 domini
426 1290 558 1334 plusne
584 1290 633 1324 sit
659 1290 801 1325 cultum
827 1302 887 1325 rus
913 1302 959 1325 an
987 1291 1192 1335 ingenium.

255 1346 299 1388 cf.
319 1346 414 1387 16,3.

117 1403 204 1438 VIII
217 1404 300 1444 42:
328 1404 422 1439 citos
447 1405 599 1440 iambo&

222 1475 228 1496 :
255 1461 420 1497 carmina
430 1463 588 1497 musicos
598 1463 703 1498 flores
714 1463 961 1507 thymumque
972 1462 1189 1497 redolentia.

219 1763 226 1784 :
252 1761 274 1784 a
299 1748 557 1784 meditationis
583 1747 727 1783 incude.
768 1749 809 1790 cli
830 1748 878 1782 IX
896 1748 983 1788 132.

113 1806 200 1841 VIII
214 1807 296 1844 5.1:
323 1806 393 1841 ibis
420 1808 458 1841 et
484 1809 524 1841 tu
554 1806 593 1840 in
625 1806 783 1851 paginas
810 1807 954 1840 nostras

251 1865 289 1899 in
315 1867 505 1910 posterum
533 1863 693 1898 nominis
719 1863 774 1898 tui
801 1863 932 1907 gloria.

1089 1806 1189 1840 vivet

215 1993 222 2014 :
249 1979 440 2014 amicitiae
466 1979 635 2014 columen
663 2006 692 2013 ..
714 2007 720 2013 .
747 1979 869 2014 decus.

112 2036 197 2071 VIII
213 2038 296 2077 552:
322 2037 415 2072 nihil
444 2039 510 2072 tua.
536 2037 606 2071 fide
632 2036 782 2072 firmius,

214 2106 365 2140 :prope
408 2097 464 2129 est
509 2096 551 2128 ut
593 2095 818 2129 eminentius
855 2096 1050 2128 censeatur
1087 2093 1185 2137 quod

249 2153 503 2197 probaverunt
538 2154 575 2186 te
605 2153 760 2187 adversa
791 2154 1041 2191 constant-³111,
1073 2164 1183 2195 quam

250 2210 279 2243 si
308 2211 473 2244 celarent
498 2210 660 2244 secunda
686 2211 841 2245 felicem.

110 2267 262 2308 V1116,1
287 2281 294 2302 :
320 2267 527 2312 aequipari.

217 2325 467 2370 :priusquam
517 2325 601 2365 (scil.
640 2324 787 2368 Caesar)
842 2325 952 2359 vestri
994 2325 1185 2370 Arpinatis

248 2383 463 2418 testimonio
500 2383 632 2417 ceteris
670 2382 889 2417 mortalibus
925 2383 1183 2417 anteferretur.

109 2497 197 2533 VIII
211 2498 292 2539 62:
319 2498 349 2532 si
375 2510 491 2543 parva
515 2498 662 2543 magnis
688 2509 909 2543 componere
934 2497 1033 2532 licet.

107 2670 195 2705 VIII
209 2671 266 2713 6‚3
286 2684 293 2705 :
319 2670 465 2715 gaudeo
479 2671 525 2705 de
534 2671 845 2716 praestantissimi
860 2671 929 2706 viri
945 2670 1182 2709 auctoritate,

247 2727 276 2762 si
296 2730 419 2762 certus
436 2731 501 2768 est,
525 2739 661 2772 amore,
683 2729 713 2763 si
731 2729 886 2764 fallitur.
925 2730 972 2771 ef.
993 2728 1078 2762 VIII
1095 2729 1181 2768 1⁴25.

213 2799 219 2820 :
248 2785 376 2819 mundi
402 2785 475 2820 iam
503 2787 737 2822 senescentis.
775 2788 817 2830 esi
836 2787 924 2822 VIII
938 2788 1004 2823 ‘2st.

213 2856 220 2878 :
248 2843 396 2878 lassatis
428 2844 545 2878 veluti
580 2844 781 2879 seminibus
813 2844 1063 2878 emedullatae
1094 2843 1180 2886 (scil.

247 2900 417 2943 virtutes)
457 2913 587 2946 parum
621 2901 764 2946 aliquid
801 2902 869 2936 hoc
903 2904 1070 2945 tempore
1103 2927 1110 2934 .
1150 2927 1156 2934 .

245 2957 454 2992 mirandum
470 2970 513 2993 ac
526 2959 766 2994 memorabile
778 2960 980 2993 ostentant.
998 2959 1038 3000 cs.
1051 2958 1177 2998 1118‚1.

106 3015 194 3050 VIII
208 3016 290 3057 6‚4:
318 3015 387 3050 etsi
421 3016 573 3050 reddere
608 3018 776 3050 mutuum
804 3015 932 3050 videor
966 3016 1051 3059 (scil.
1081 3015 1178 3059 quod

244 3083 302 3107 me
328 3074 527 3118 laudavit).
562 3075 605 3117 cf.
625 3074 714 3108 VIII
731 3075 816 3110 10,1.

104 3302 193 3336 VIII
205 3303 262 3345 6,5
279 3315 286 3337 :
312 3303 491 3337 votivum.
530 3303 573 3346 cf.
591 3303 642 3337 IV
655 3303 722 3342 52.

105 3359 194 3394 VIII
207 3360 263 3401 6,ss
283 3373 290 3394 :
316 3360 668 3405 magnaacrimonia
681 3360 820 3395 maiore
830 3360 1005 3395 facundia
1016 3360 1175 3394 maxima

182 3406 407 3461 disciplina.
445 3418 486 3460 cf.
506 3418 639 3458 11172.

210 3487 216 3508 :
243 3474 412 3509 Sarranis
438 3474 578 3509 ebriam
605 3475 712 3510 sucis.
748 3476 790 3518 etl
809 3486 835 3509 c.
858 3475 924 3510 XV
943 3477 1016 3510 129.

242 3646 448 3690 palmatam
482 3646 568 3690 plus
598 3647 699 3691 picta
734 3647 920 3682 oratione.
954 3647 1038 3692 plus
1064 3658 1177 3680 aurea

242 3703 537 3738 convenustavit.

2264 200 2345 240 373

1784 389 1936 411 .‹›mnes
1969 378 2086 413 bonne
2111 382 2209 413 artes
2235 380 2342 415 fumi-

1274 374 1405 417 Symm.
1433 374 1462 407 Il
1481 374 1553 415 721
1576 388 1582 409 :
1611 376 1713 409 fratri
1736 403 1765 410 ..

1320 430 1426 464 liares
1452 434 1548 466 sunt.

1272 544 1520 588 Plin.V11:'›,1
1544 559 1550 580 :
1578 546 1706 580 scribit
1731 547 1865 590 elegos.
1904 549 2139 590 gentilicium
2176 551 2241 584 lim·
2276 551 2342 586 illi.

1319 601 1363 635 lx
1381 603 1486 642 2252:
1515 603 1614 646 leges
1640 616 1731 648 opus
1764 605 1931 638 (eiusdem
1960 607 2038 649 riri)
2170 608 2278 652 plum·
2306 609 2341 643 iu

1320 659 1485 703 Properti
1513 660 1621 695 domo
1647 661 1836 706 scriptum.

1270 716 1361 750 Stat.
1380 717 1452 751 silr.
1475 717 1523 751 lv
1540 718 1620 754 4:28
1635 730 1684 762 sq.
1705 732 1711 753 ι
1739 731 1831 753 exue
1857 720 1953 753 curis
1981 723 2106 764 pectus
2133 725 2165 754 vt
2194 723 2342 757 assiduo

1314 776 1429 808 temet
1455 775 1576 809 furare
1604 775 1731 810 labori.
1768 778 1810 819 cs.
1833 777 1924 820 γυνθ.
1945 779 2032 812 Aen.
2053 778 2079 811 V
2095 780 2163 812 ⁸45.
2182 793 2188 813 ς
2216 782 2341 813 fessus-

1313 843 1386 876 que
1412 832 1536 867 oculos
1563 833 1684 867 furare
1711 833 1839 868 labori.

1267 888 1414 923 Hieron.
1449 889 1485 923 iu
1523 890 1642 924 ltbech.
1682 892 1755 925 13:
1798 891 1969 925 Indorum
2016 892 2259 927 lirachmanes
2305 898 2337 928 ct

1314 947 1537 992 Aethiopum
1565 948 1905 993 gymnosophistae.

1267 1061 1355 1097 Hor.
1374 1074 1402 1097 c.
1424 1063 1455 1097 II
1478 1065 1555 1100 1:22
1575 1077 1581 1098 :
1610 1076 1680 1098 non
1710 1063 1881 1098 indecoro
1908 1065 2059 1110 pulvere
2085 1066 2261 1100 sordidos.

1269 1176 1364 1210 Ptin.
1384 1177 1448 1211 VII
1467 1179 1573 1217 2752:
1601 1178 1692 1212 ceris
1718 1181 1756 1212 et
1781 1178 1867 1212 stilo
1894 1179 2086 1215 incumbit.

1266 1291 1363 1326 Plin.
1394 1292 1439 1326 IV
1456 1294 1512 1334 652
1531 1306 1538 1327 :
1566 1305 1631 1327 nec
1657 1306 1787 1337 agrum

1310 1349 1446 1384 excolo.

1263 1406 1352 1440 Hor.
1371 1418 1398 1441 c.
1418 1407 1431 1440 I
1450 1407 1549 1448 1624
1568 1421 1575 1442 :
1602 1408 1737 1442 celeres
1764 1408 1916 1444 iambos.

1263 1464 1394 1508 Syrum.
1422 1464 1472 1498 IV
1491 1466 1563 1507 18‚1
1590 1478 1597 1499 :
1630 1477 1712 1499 cum
1754 1466 1922 1510 thymum
1961 1468 2156 1503 facundiae
2196 1470 2335 1514 spirent

1307 1521 1457 1556 litterae
1483 1524 1569 1556 tuae
1597 1550 1604 1556 .
1622 1549 1628 1556 .
1644 1550 1651 1556 .
1668 1550 1674 1556 .
1702 1534 1802 1557 acres
1822 1524 1952 1558 herbas
1974 1526 2051 1559 olet
2075 1527 2231 1561 rusticus
2259 1556 2264 1561 .
2283 1556 2289 1562 .
2306 1557 2313 1562 .
2330 1556 2336 1563 .

1307 1591 1370 1614 vos
1403 1579 1514 1615 amici
1541 1579 1785 1615 Camenarum
1819 1581 1923 1615 flores
1956 1583 2112 1617 ructatis
2140 1584 2334 1620 Heliconis.

1308 1636 1439 1682 Symm.
1468 1637 1600 1678 I23,1:
1629 1637 1764 1672 Atticis
1790 1638 1930 1673 salibus
1956 1651 2102 1684 aspersu
2139 1644 2177 1675 et
2209 1642 2336 1686 thymo

1306 1694 1420 1729 odora
1445 1695 1530 1738 (scil.
1559 1695 1725 1740 pagina).

1887 1295 1948 1328 sed
1977 1296 2095 1341 ipsum
2124 1310 2180 1331 m·-
2206 1298 2339 1332 studiis

1258 1810 1355 1845 Plin.
1382 1810 1514 1855 Panes).
1541 1812 1613 1844 55:
1641 1810 1711 1845 ibit
1751 1811 1787 1845 in
1823 1812 1980 1846 saccula.
2034 1815 2170 1848 Ausmt.
2200 1815 2333 1849 Mosen.

1307 1868 1444 1911 (XVIII
1458 1869 1494 1911 ⁶2)
1520 1868 1614 1903 476:
1642 1868 1712 1902 ibis
1739 1869 1776 1902 in
1803 1880 1867 1903 ora
1893 1870 2094 1904 hominum.

1260 1924 1388 1959 Claud.
1416 1925 1486 1959 131
1506 1936 1552 1969 sq.
1573 1939 1580 1959 :
1607 1925 1703 1960 vivit
1809 1927 1941 1971 gloria.

1258 1982 1346 2016 Hor.
1366 1992 1394 2016 e.
1414 1983 1541 2024 1117‚4
1561 1997 1567 2018 :
1594 1983 1704 2017 decus
1730 1983 1984 2029 columenque.
2022 1998 2048 2020 c.
2077 1986 2087 2019 l
2109 1988 2171 2022 12.

1258 2039 1356 2074 le.
1387 2040 1434 2074 IV
1446 2041 1551 2081 223:
1578 2053 1651 2085 quo
1678 2041 1756 2075 viro
1784 2041 1875 2075 nihil
1906 2043 2054 2077 lii-mins.

1260 2097 1357 2131 Plin.
1384 2098 1515 2142 Pcmey.
1541 2100 1582 2133 31
1613 2112 1619 2132 :
1653 2111 1734 2133 cum
1782 2099 1943 2133 secunda
1991 2101 2132 2139 felices,
2177 2101 2330 2136 adversa

1306 2167 1460 2199 magnos
1488 2155 1655 2200 probent.
1694 2156 1785 2191 Hor.
1803 2160 1867 2190 sat.
1898 2157 1924 2191 ll
1942 2158 2021 2197 >55:ss
2037 2170 2083 2201 sq.
2105 2172 2111 2192 :
2138 2159 2328 2202 ingenium

1303 2225 1358 2246 res
1385 2213 1561 2248 adversae
1587 2214 1729 2247 nudare
1755 2215 1886 2254 solent,
1913 2216 2032 2249 celare
2058 2217 2252 2251 secundae.

1256 2271 1395 2305 Arason.
1425 2271 1543 2305 XXVI
1557 2273 1647 2313 “25³⁸-
1689 2272 1826 2306 XXVII
1844 2274 1967 2309 11.14:
1995 2274 2224 2319 aequipares.

1257 2328 1326 2362 (Vc.
1354 2329 1459 2362 Brut.
1487 2329 1562 2362 72:
1932 2359 1938 2365 .
1969 2331 2091 2366 iudico
2125 2360 2131 2367 .
2182 2359 2189 2367 .
2224 2333 2328 2367 illum

1301 2386 1465 2420 omnium
1485 2387 1559 2420 fere
1577 2389 1763 2421 oratorum
1784 2387 1913 2422 Latine
1932 2389 2032 2433 loqui
2052 2390 2329 2433 elegantissime

1300 2455 1326 2479 e.
1351 2456 1382 2488 q.
1408 2456 1472 2488 seq.
1499 2445 1539 2486 cll
1569 2444 1658 2478 Suet
1685 2444 1754 2478 Iul.
1781 2447 1836 2479 55.

1263 2501 1359 2546 Vei-9.
1374 2513 1484 2546 ρων-(Ι.
1504 2501 1553 2536 IV
1571 2503 1634 2537 176
1654 2515 1660 2536 :
1687 2502 1716 2536 si
1743 2514 1857 2546 parva
1884 2503 1973 2537 licet
1991 2515 2210 2549 componere
2227 2516 2329 2550 mag-

1300 2559 1367 2594 nis.
1410 2559 1502 2595 Stat.
1528 2559 1601 2594 silv.
1627 2560 1731 2600 1551
1753 2570 1800 2603 sq.
1841 2560 1901 2595 Or.
1925 2565 2004 2595 met.
2023 2561 2051 2595 V
2067 2562 2134 2596 416
2151 2573 2197 2605 sq.

1257 2617 1353 2651 Ptin.
1369 2617 1399 2651 V
1413 2617 1518 2661 6,44:
1545 2617 1720 2651 similiter
1744 2628 1820 2656 nos,
1849 2620 1890 2652 ut
1916 2630 2030 2663 parva
2056 2619 2212 2662 magnis.

1598 2328 1642 2362 dc·
1682 2330 1837 2363 Caesare
1872 2358 1878 2365 .

1252 2786 1350 2821 Ptin.
1368 2787 1452 2821 VIII
1470 2788 1541 2831 121
1565 2801 1572 2822 :
1601 2788 1808 2823 litterarum
1836 2790 1909 2824 iam
1937 2791 2217 2826 senescentium.

1255 2843 1352 2878 Pliu.
1368 2844 1537 2885 V121,1:
1565 2858 1684 2891 neque
1727 2848 1824 2881 enim
1863 2848 1968 2892 quasi
2009 2849 2101 2882 lassa
2141 2852 2179 2883 et
2218 2850 2325 2883 effvta

1298 2903 1433 2936 natura
1459 2902 1550 2936 nihil
1580 2904 1652 2938 iam
1682 2905 1870 2939 laudabile
1898 2905 2005 2950 parit.

1254 3016 1348 3051 Prin.
1368 3017 1415 3051 IX
1431 3019 1481 3056 8,]
1508 3031 1515 3052 :
1542 3018 1571 3052 si
1599 3019 1772 3053 laudatus
1803 3032 1825 3054 a
1856 3022 1892 3054 te
1919 3020 2071 3054 laudare
2098 3022 2135 3054 te
2161 3033 2324 3066 coepero,

1298 3086 1424 3108 vereor
1448 3086 1494 3109 ne
1521 3103 1550 3111 ..
1568 3103 1575 3110 .
1603 3078 1736 3110 referre
1761 3077 1921 3121 gratiam
1950 3077 2086 3112 videar.

1249 3132 1378 3176 Symm.
1406 3132 1437 3166 X
1455 3134 1534 3173 12:
1562 3145 1607 3168 ne
1634 3134 1808 3169 laudatus
1923 3135 2127 3169 feneratam
2159 3136 2321 3180 gratiam

1295 3189 1440 3224 viderer
1464 3191 1645 3228 retulisse.
1692 3193 1760 3227 hoc
1787 3195 1843 3227 est
1868 3193 1966 3237 quod
1993 3193 2125 3227 aiunt:
2153 3195 2322 3227 mutuum

1296 3246 1445 3281 scabere
1471 3249 1601 3284 mulos.
1643 3250 1763 3291 131‚1.

1252 3477 1362 3512 Mart.
1389 3478 1586 3519 X1x0'1234,1
1608 3492 1615 3513 :
1643 3479 1746 3513 ebria
1765 3478 1940 3513 Sidoniae
1965 3491 2045 3512 cum
2073 3478 2149 3512 sint
2174 3479 2218 3512 de
2239 3491 2321 3513 san-

1295 3535 1410 3578 guine
1428 3536 1600 3570 conchae.
1646 3536 1768 3570 Tilmll.
1790 3536 1839 3570 IV
1852 3537 1931 3574 alo
1951 3549 1957 3569 :
1985 3536 2122 3569 vellera
2145 3536 2209 3569 det
2226 3536 2320 3570 sucis

1300 3592 1356 3626 bis
1381 3593 1594 3628 madefacta
1619 3594 1747 3637 Tyros.

1250 3650 1385 3684 Auson.
1400 3653 1490 3693 μναῖ.
1508 3654 1574 3684 act.
1594 3650 1707 3692 (VIII)
1730 3651 1827 3687 11,13
1843 3663 1849 3683 :
1873 3650 1962 3683 haec
1982 3652 2037 3683 est
2054 3649 2156 3694 picta
2173 3652 2215 3683 ut
2229 3650 2321 3684 dici-

1294 3708 1356 3740 tur
1382 3707 1496 3740 vestis
1521 3718 1596 3741 non
1621 3708 1740 3752 magis
1766 3718 1855 3741 auro
1881 3718 1945 3740 suo
1963 3718 2072 3750 quam
2097 3707 2171 3740 tuis
2191 3708 2320 3742 verbis.
