2583 4011
1135 220 1374 256 KRL'SCIHI.
2279 231 2355 262 LXI

146 335 301 376 idcirco
324 334 544 387 praemisi,
575 348 627 375 ue
658 334 909 376 Manichaei
942 336 1076 387 ipsius
1107 335 1266 376 Faus-ti
1297 351 1400 388 opus
1422 338 1658 389 infaustum
1683 340 1909 381 citeriorem
1934 343 2055 385 hum.
2088 359 2205 395 qiam
2230 346 2352 386 eliam

143 405 278 458 ⁷qloria
321 406 457 444 vestm
502 406 693 454 nov-erat,
739 407 834 445 ortu
865 404 1144 449 ]›'›·itammm.
1176 405 1415 446 lmbilaeulc
1448 406 1711 458 Ji'ryiensem.
1753 409 1873 449 titula
1912 412 2091 451 nominis
2127 419 2354 455 arcus-arel.

146 475 334 516 Faustus
374 487 484 528 quae
525 473 578 514 de
618 473 759 514 subita
800 474 1071 529 paenitentia
1111 478 1154 514 et
1186 474 1239 515 de
1274 474 1356 515 tide
1390 475 1705 531 disputaverat.
1750 478 1903 518 Avitus
1940 480 2005 521 11i‹·
2040 482 2209 525 refellit.

290 543 453 584 Locum
487 557 542 584 ex
575 543 764 598 epistula
795 542 981 597 quadam
1014 542 1164 584 Fausti
1197 544 1343 584 attulit
1377 544 1467 585 sive
1503 545 1732 586 (mamarius
1767 547 1856 587 sive
1899 549 1968 602 qui
2003 551 2111 589 alius
2145 553 2357 607 epistula«-

148 612 355 654 Iohannis
388 611 433 652 ΙΙ
466 625 604 668 papae
637 625 674 653 a.
699 613 780 652 534
814 611 867 653 ad
893 611 1147 653 Caesarium
1181 611 1308 654 datae
1334 618 1563 654 tractatum
1598 629 1693 655 cum
1724 615 1903 658 adiecit.
1941 618 1979 657 in
2005 633 2087 672 qun
2112 626 2209 660 suut
2234 621 2356 662 han-e:

147 681 196 722 de
225 681 378 733 quihus
408 683 445 720 et
477 680 671 722 Faustus
701 681 918 732 (pise-opus
947 684 1123 722 sauctus
1156 681 1200 722 iu
1229 681 1410 733 epistula
1435 698 1514 723 sua
1547 684 1681 724 davit.-
1714 684 1874 725 ‘lm-dit
1902 688 2082 736 sputum(
2117 691 2356 733 enm-resali.

146 751 222 803 qui
253 750 393 791 (a'llcuc
424 750 611 802 officium
643 748 730 790 rult
761 764 947 791 (arerecre
979 751 1136 791 »mriti'
1170 750 1298 805 (Coll.
1335 766 1454 792 eone.
1489 751 1602 794 Gall.
1630 753 1660 803 l,
1694 768 1735 809 p.
1759 756 1873 801 5³70).

297 819 447 860 Fausti
480 818 533 860 de
567 819 735 860 ratione
775 818 874 860 fidei
908 818 961 860 ad
1001 819 1171 860 obieeta
1203 819 1414 875 quaedam
1458 822 1782 876 responsionem
1817 823 1860 865 l'.
1896 824 2114 867 Pithoeus.
2153 826 2357 868 Veterum

147 889 313 944 aliquot
346 887 516 930 Galliae
547 887 849 943 theologorum
883 888 1058 944 scripta.
1091 888 1228 931 l’aris.
1270 890 1388 933 1586,
1423 904 1462 945 p.
1493 892 1567 931 124
1603 891 1749 933 edidit.

293 956 400 998 Erat
431 957 618 998 Faustus
663 962 808 999 orator
847 958 1050 1013 insignis,
1099 958 1222 999 cuius
1270 958 1367 999 olim
1397 960 1740 1011 praedicatianm
1786 976 1899 1002 nune
1939 965 2195 1015 rem-uliims,
2237 981 2359 1008 nune.

148 1027 259 1069 ratio
304 1041 399 1068 cum
435 1027 702 1078 poposcisset,
754 1026 1022 1068 obumbratas
1073 1042 1231 1068 raucus
1267 1027 1412 1080 plosor
1454 1029 1620 1069 audivit
1666 1030 1870 1072 Sidonius
1917 1032 1974 1088 (p.
2015 1034 2180 1088 1527).
2257 1034 2360 1075 Eius

149 1096 351 1138 homiliae
391 1096 633 1152 permultae
678 1101 930 1152 supersunt,
969 1110 1134 1152 paucae
1173 1111 1274 1138 vero
1316 1097 1450 1153 ipsius
1495 1100 1668 1140 nomine
1713 1101 1959 1157 inscriptae.
2033 1102 2211 1144 Constat
2246 1105 2357 1144 cuim

150 1181 255 1223 quas
289 1180 326 1208 a.
364 1167 472 1206 1547
515 1164 755 1220 Gaigncius
800 1165 1026 1206 Parisinus
1067 1165 1201 1207 edidit
1243 1166 1442 1207 homilias
1485 1167 1562 1209 sub
1606 1170 1778 1211 nomine
1817 1170 1996 1212 Eusehii
2041 1171 2229 1213 Emiseni
2272 1174 2359 1229 epi-

150 1237 269 1293 scopi
301 1235 529 1292 plerasque
562 1249 661 1276 esse
693 1234 856 1276 Fausti.
919 1234 1114 1276 Eusebio
1148 1239 1191 1277 et
1223 1235 1266 1276 in
1299 1236 1521 1277 codicibus
1557 1238 1848 1280 attribuuntur
1881 1245 1923 1281 ct
1952 1241 1992 1281 in
2018 1241 2190 1283 decreto
2221 1242 2362 1283 lvonis

149 1305 208 1359 II,
237 1308 262 1346 4
295 1305 484 1360 (Migne,
516 1304 677 1346 Patrol.
713 1304 808 1347 Lat.
849 1303 1004 1355 CLXI,
1037 1319 1077 1361 p.
1108 1306 1218 1358 139).
1258 1304 1434 1348 Eminet
1472 1307 1585 1348 inter
1617 1320 1691 1348 eas
1725 1322 1852 1363 quam
1887 1309 2000 1365 apud
2033 1310 2179 1357 Reios,
2220 1337 2267 1341 —
2311 1311 2362 1352 dc

150 1373 400 1431 ‘praesenti'
443 1374 557 1416 enim
599 1374 784 1416 ecclesia
823 1373 1014 1429 loquitur
1054 1373 1127 1416 fol.
1161 1375 1243 1426 92¹.
1278 1400 1331 1405 —
1364 1375 1416 1417 de
1450 1381 1599 1418 sancto
1640 1376 1833 1419 Maximo
1874 1380 2077 1435 episcopo
2119 1384 2162 1421 et
2207 1380 2364 1421 abbate

151 1445 302 1487 habuit
343 1443 430 1499 (ed.
464 1442 706 1499 Gaigneius
738 1443 808 1484 fol.
842 1443 1086 1498 Sir—94⁴).
1148 1443 1300 1486 Fausti
1338 1460 1433 1487 eam
1477 1460 1574 1488 esse
1619 1452 1792 1502 praeter
1834 1448 1918 1490 alia
1956 1448 2190 1490 ostendunt
2230 1450 2361 1491 verba

150 1528 238 1556 ecce
268 1512 387 1567 quali
408 1512 596 1565 pecunia
627 1512 908 1553 sacerdotium
939 1514 1196 1565 compararit
1220 1547 1227 1554 .
1253 1546 1261 1554 .
1287 1547 1294 1555 .
1320 1547 1328 1556 .
1371 1514 1487 1557 Unde
1519 1516 1616 1557 (nuit
1650 1516 1787 1568 ipsum
1818 1521 1876 1558 est
1905 1518 2016 1570 quod
2042 1519 2139 1559 emit
2161 1519 2250 1573 (fol.
2277 1523 2362 1572 (Μ’)

152 1588 401 1640 comparata
433 1597 529 1624 cum
553 1583 620 1631 iis,
654 1596 765 1638 quae
787 1582 842 1624 ad
863 1582 1089 1624 Ruricium
1114 1597 1252 1639 nuper
1280 1584 1536 1641 episcopum
1561 1591 1753 1628 creatum
1779 1587 1890 1628 infra
1912 1602 1951 1642 p.
1978 1589 2072 1637 27⁴»,
2098 1590 2148 1629 34
2176 1590 2362 1644 scripsit.

149 1654 389 1696 Praeterea
421 1651 636 1708 Dynamio
669 1652 872 1708 patricio,
905 1653 976 1707 qui
1009 1656 1186 1695 auctore
1220 1653 1380 1696 Urbieo
1414 1655 1619 1711 episcopo
1652 1656 1829 1698 Reiensi
1866 1657 1998 1697 vitam
2034 1657 2213 1698 Maximi
2247 1673 2362 1699 eom-

150 1723 297 1780 posuit
328 1721 516 1777 (Surius,
549 1722 679 1764 Vitae
713 1721 790 1764 SS.
825 1726 928 1764 tom.
961 1721 1038 1771 VI,
1071 1737 1112 1778 p.
1146 1724 1228 1763 597
1254 1723 1388 1779 sqq),
1430 1724 1675 1766 chartarum
1709 1726 1930 1767 volumina
1975 1732 2146 1781 praesto
2179 1728 2364 1770 fuerunt.

151 1806 259 1846 quae
299 1806 350 1834 ex
389 1792 479 1833 eius
510 1791 711 1845 (Maximi
749 1791 859 1845 scil.)
903 1791 1096 1844 operibus
1127 1791 1358 1834 beatissimi
1387 1793 1548 1835 Fausti
1578 1795 1787 1836 antistitis
1811 1795 2143 1847 ynucdecessoris
2183 1796 2366 1837 sollertia

151 1863 296 1904 devota
337 1861 562 1915 cotteym-at.
634 1860 704 1902 Ex
742 1860 810 1902 his
849 1860 1037 1902 homiliis
1077 1860 1185 1903 duas
1225 1861 1278 1903 de
1318 1862 1515 1918 symbolo
1561 1863 1646 1918 (ed.
1687 1863 1926 1920 Gaigneius
1965 1864 2038 1907 fol.
2072 1867 2280 1920 24-33)
2314 1865 2365 1906 ad

154 1932 345 1974 codicem
377 1930 593 1987 quendam
625 1929 933 1972 Matritensem
974 1931 1198 1972 recensuit
1230 1930 1433 1987 Caspaii,
1484 1932 1770 1986 Uuyedruelcte
1805 1933 1974 1986 (guelleu
2009 1948 2087 1976 zur
2129 1935 2368 1976 (les-elee'clele

152 2001 223 2043 des
247 1999 540 2054 Taufsymbols
577 1999 890 2054 (Christianiae
919 2001 1039 2052 1869,
1073 2005 1175 2042 tom.
1201 2001 1258 2051 ΙΙ,
1290 2017 1331 2058 p.
1361 2003 1438 2044 185
1463 2003 1588 2058 sqq).
1659 2002 2011 2045 Admonitionem
2045 2005 2184 2046 sancti
2216 2005 2367 2046 Fausti

153 2069 368 2126 (‘Flausti’
403 2069 494 2112 cod.
528 2069 680 2125 Sang.)
721 2069 922 2112 Oanisius
955 2070 1206 2124 (Lectiones
1245 2072 1449 2127 antiquae
1482 2072 1537 2125 V,
1570 2087 1608 2128 p.
1634 2074 1899 2128 421—423),
1941 2088 2164 2116 sermones
2203 2089 2281 2116 sex
2314 2074 2366 2115 ad

154 2140 391 2182 monachos
424 2140 620 2181 Martene
653 2143 696 2182 et
724 2139 906 2181 Durand
939 2140 1168 2195 (Veterum
1203 2142 1460 2197 scriptorum
1494 2146 1537 2184 et
1569 2148 1944 2185 monumentorum
1978 2145 2197 2193 collectio,
2231 2145 2365 2186 Paris.

158 2211 281 2263 1733,
319 2213 418 2250 tom.
458 2208 543 2261 IX,
582 2224 622 2265 p.
660 2212 731 2250 141
767 2210 878 2265 sqq.)
920 2209 1164 2252 ediderunt.
1236 2210 1324 2252 Mai
1370 2211 1673 2267 (Spicilegium
1717 2212 1980 2265 Romanum,
2029 2213 2194 2255 Romae
2247 2216 2367 2261 1811,

154 2283 255 2321 tom.
289 2278 345 2331 V,
376 2293 416 2335 p.
445 2280 497 2320 85
521 2279 633 2335 sqq.)
667 2293 890 2321 sermones
922 2279 976 2322 de
1013 2284 1290 2336 pentecoste,
1330 2280 1384 2322 de
1428 2286 1578 2323 sancta
1617 2282 1830 2335 trinitate,
1873 2282 1925 2324 de
1965 2283 2118 2339 spiritu
2160 2288 2309 2324 saneto
2345 2298 2366 2322 0

157 2349 378 2391 codicibus
412 2349 538 2391 eruit.
599 2349 687 2391 Alii
719 2349 834 2391 inter
865 2349 1050 2391 aliorum
1084 2363 1309 2393 sermones
1342 2351 1492 2393 latent.

298 2418 499 2474 Denique
537 2432 667 2474 quem
706 2433 846 2475 nuper
884 2417 1066 2475 Caspari
1113 2418 1229 2475 (Alte
1267 2420 1359 2461 und
1395 2434 1499 2461 ueuc
1534 2419 1703 2473 Quellcu
1738 2433 1816 2461 zur
1850 2420 2093 2463 Geselesichte
2125 2421 2194 2461 dns
2230 2420 2366 2472 Tanf-

155 2486 344 2542 symbols.
401 2487 690 2530 Christianiae
718 2489 839 2541 1879,
873 2503 913 2545 p.
939 2490 1020 2529 250
1050 2488 1162 2545 sqq.)
1195 2503 1218 2530 0
1251 2489 1399 2531 codice
1433 2489 1620 2545 quodam
1652 2488 1881 2544 Albigensi
1913 2490 2075 2545 publici
2115 2491 2218 2531 iuris
2251 2490 2367 2533 fecit.

156 2561 366 2600 tractatus
386 2556 587 2599 Faustini
619 2557 671 2599 de
704 2556 900 2613 symbolo
923 2557 1085 2599 Fausto
1117 2562 1264 2599 nostro
1297 2558 1488 2600 maxima
1520 2573 1575 2600 ex
1607 2563 1728 2614 parte
1762 2558 2045 2600 vindicandus
2079 2563 2159 2602 est.
2238 2560 2367 2600 {revi-

158 2627 297 2669 arium
328 2641 498 2683 quoque
527 2627 735 2669 adversus
757 2627 960 2680 Arianos,
995 2627 1108 2684 quod
1142 2627 1396 2669 sirmondus
1430 2627 1672 2684 (Opuscula
1695 2627 1940 2682 dogmatica
1963 2633 2157 2670 veterum
2181 2629 2368 2685 quinque

159 2697 432 2753 scriptorum.
499 2696 682 2739 Parisiis
724 2699 847 2751 1630,
884 2712 926 2754 p.
961 2699 1192 2751 73—135)
1233 2697 1387 2749 edidit,
1432 2698 1573 2753 ipsum
1605 2697 1817 2739 Faustum
1849 2699 2147 2754 composuisse
2183 2700 2368 2740 fortasse

158 2771 277 2809 recte
311 2768 587 2809 coniecerunt
618 2767 895 2810 Bollandiani
927 2767 1060 2823 (Acta
1092 2767 1170 2810 SS.
1205 2768 1324 2824 Sept.
1356 2772 1459 2809 tom.
1492 2767 1595 2819 VII,
1627 2782 1669 2824 p.
1694 2769 1807 2823 703).

302 2836 608 2879 Elocutionem
653 2837 806 2879 Fausti
850 2838 996 2879 multis
1043 2837 1244 2879 laudibus
1277 2837 1481 2879 Sidonius
1528 2838 1714 2879 extollit:
1761 2837 1959 2888 immane,
2000 2838 2156 2893 inquit,
2188 2837 2371 2889 suspicio

159 2906 352 2948 dictandi
395 2907 514 2948 istud
564 2907 612 2948 iu
656 2907 769 2948 vobis
815 2906 1110 2959 tropoloffl'cum
1148 2921 1280 2959 aeuus
1317 2920 1368 2947 ac
1403 2908 1635 2959 fissuratum
1666 2905 1904 2959 limatisque
1926 2906 2207 2959 pluriftffiam
2240 2906 2372 2946 verbis

159 2976 533 3018 eminentissimum
579 2977 639 3033 (p.
678 2978 770 3029 152,
804 2976 862 3032 5).
957 2976 1071 3018 Eum
1124 2990 1227 3018 vero
1284 2976 1461 3018 easdem
1515 2990 1582 3017 res
1640 2975 1791 3018 iisdem
1847 2977 1990 3018 verbis
2044 2981 2110 3018 ter
2163 2981 2370 3032 quaterve

160 3049 362 3102 repetere
401 3061 498 3088 cum
531 3047 605 3089 alii
636 3046 937 3099 adverterunt,
975 3050 1066 3088 tum
1099 3046 1311 3088 Oudinius
1344 3045 1713 3101 (Commentarius
1753 3046 1807 3088 de
1849 3046 2129 3102 scriptoribus
2163 3045 2371 3087 ecelesiae

161 3115 372 3170 antiquis,
403 3115 502 3158 Vol.
535 3115 570 3168 I,
605 3131 646 3172 p.
673 3117 823 3172 1313),
874 3117 967 3158 eius
1021 3116 1304 3159 elucubrandi
1358 3117 1569 3158 rationem
1614 3116 1680 3157 his
1726 3116 1870 3157 verbis
1919 3116 2079 3172 optime
2130 3115 2369 3169 castigans:

161 3183 338 3235 Solebat,
371 3185 522 3240 inquit,
553 3185 761 3236 Faustus,
793 3186 857 3227 ita
882 3199 987 3227 suas
1007 3186 1177 3227 amabat
1198 3185 1391 3237 phrases,
1421 3185 1604 3237 seipsum
1630 3184 1861 3238 aliquando
1883 3185 2124 3225 verbotenus
2146 3197 2370 3235 rwempere,

160 3255 210 3294 ut
231 3256 393 3295 constat
412 3267 463 3295 cx
482 3253 583 3295 aliis
604 3258 730 3307 atque
750 3254 940 3296 indubiis
960 3255 1144 3296 eiusdem
1158 3254 1365 3307 Epistolis
1385 3258 1423 3296 ct
1446 3253 1681 3307 Opusculis,
1712 3255 1759 3296 iu
1784 3254 1936 3307 quibus
1956 3254 2138 3306 seipsum
2159 3253 2370 3293 interdum

161 3335 212 3363 ac
241 3335 364 3375 saepe
394 3324 604 3366 eoescribit.

307 3391 375 3433 De
406 3392 529 3434 libris
562 3394 735 3450 scriptis
770 3394 999 3450 editisque,
1032 3393 1103 3450 qui
1137 3393 1386 3436 contineant
1413 3392 1647 3434 Faustiana
1679 3393 1721 3434 in
1753 3393 1836 3433 hoc
1858 3392 2074 3433 volumine
2098 3391 2227 3436 edita,
2262 3391 2368 3432 infra

165 3475 343 3517 agemus
374 3466 474 3519 post
505 3462 753 3515 Ruriciana,
786 3463 1044 3519 quibuscum
1078 3477 1211 3518 saepe
1244 3453 1526 3518 reperiuntur
1555 3463 1816 3503 consociata.
