2583 4011
93 1102 124 1125 10

87 2679 120 2704 30

859 202 1001 240 LIBER
1028 202 1073 247 11,
1106 202 1298 239 xxxvm
1324 202 1344 248 g
1369 203 1390 239 ρ
1417 223 1458 229 -
1485 200 1565 238 XLI
1592 203 1610 246 s
1637 202 1668 239 4.
2280 211 2355 251 341

1213 400 1307 442 XL.

411 505 647 549 DOMINO
683 504 914 547 SANCTO
947 504 1022 546 ET
1054 502 1432 545 APOSTOLICO
1467 502 1729 550 MIHIQL'E
1763 503 1823 545 IN
1858 504 2117 547 (illltls'ro

260 575 497 618 DOMINO
531 574 729 617 CULTU
761 572 1161 620 AFFECTUQUE
1196 572 1550 614 Sl’ECIALlss
1584 572 1950 614 EXCOLENDo
1984 575 2263 618 I’A'rlujxo

583 643 917 686 VICTORINO
951 642 1242 684 EPISCOPO
1276 641 1565 684 fflfRIClUS
1600 642 1942 685 EPISCOPFS.

308 724 495 785 FRATER
528 747 570 785 et
603 743 934 799 compresbyter
956 747 1106 785 noster
1129 742 1387 798 Capillutus,
1420 743 1522 784 licet
1545 743 1691 799 apices
1714 748 1883 785 vestros
1907 744 2029 785 nobis
2057 758 2138 785 non
2163 745 2363 787 detulerit

162 813 205 854 in
236 813 385 855 charta
416 812 693 868 relegendos,
735 817 879 854 tamen
912 813 1056 868 potius
1097 812 1294 854 exhibuit
1334 812 1374 853 in
1418 811 1547 853 corde
1590 813 1876 868 conscriptos,
1916 813 2029 854 unde
2069 828 2141 854 cos
2182 829 2260 855 nec
2299 816 2365 856 fur

163 882 334 924 auferre
366 896 447 924 nee
480 882 696 924 violentus
729 882 897 937 eripere
930 896 1008 923 nec
1042 882 1180 922 imber
1212 881 1360 922 eluere
1393 895 1472 922 nec
1506 886 1702 922 vetustas
1736 883 1874 938 possit
1905 882 2094 929 abolere,
2129 883 2227 924 dum
2262 885 2363 925 mihi

161 952 299 994 fidelis
346 951 578 994 admodum
618 952 748 992 vestri
787 952 973 1007 pectoris
1019 966 1198 993 consors
1242 956 1286 992 et
1323 950 1617 992 dicatissimus
1665 951 1835 993 delator
1876 952 2050 1008 saepius
2093 953 2281 994 inculcat
2323 959 2364 994 et

160 1021 341 1073 dulcius,
374 1021 560 1076 qualiter
590 1035 658 1062 me
693 1026 736 1062 et
767 1035 894 1076 quam
928 1020 1128 1062 assiduae
1163 1019 1406 1061 dilectionis
1439 1019 1568 1061 dente
1601 1021 1846 1068 ruminetis:
1881 1036 1965 1062 non
1999 1021 2111 1077 quod
2139 1022 2272 1064 1111110
2298 1023 2363 1062 sit.

160 1092 274 1134 unde
299 1093 489 1134 caritatis
512 1098 683 1134 vestrae
707 1106 888 1149 pascere
912 1092 1089 1148 possitis
1123 1091 1324 1135 esuriem,
1359 1091 1430 1146 qui
1463 1091 1626 1132 solidos
1660 1095 1703 1132 et
1735 1105 1967 1146 numquam
2000 1091 2213 1146 perituros
2246 1091 2365 1131 cibos

161 1167 205 1203 01
237 1162 435 1218 accipere
470 1162 586 1203 soliti
620 1163 722 1203 estis
756 1167 799 1204 et
831 1161 955 1204 dare:
1001 1160 1090 1206 sed,
1125 1160 1296 1216 quando
1329 1160 1478 1201 fortior
1511 1175 1612 1202 esca
1645 1160 1846 1210 defuerit,
1886 1161 2143 1202 tenuitatem
2177 1166 2364 1201 nostram

159 1245 235 1286 pro
283 1231 408 1273 lactis
457 1232 611 1286 poculo
659 1231 895 1281 sorbeatis,
941 1236 988 1271 ut
1035 1229 1299 1271 desiderium
1346 1230 1403 1285 pii
1447 1230 1586 1272 cordis
1628 1236 1670 1272 et
1709 1231 1804 1286 puri
1847 1231 2052 1271 alimento
2094 1231 2366 1271 innocentiae

159 1301 426 1356 temperetis.
488 1314 568 1342 nee
601 1301 754 1341 mirum
789 1305 855 1342 est
887 1300 967 1340 hoc
1002 1304 1147 1340 tamen
1181 1299 1224 1339 in
1258 1304 1406 1340 vestra
1437 1299 1595 1341 virtute
1630 1300 1898 1345 miraculum,
1932 1304 1978 1341 ut
2011 1300 2200 1355 diligatis
2236 1314 2365 1341 vene-

162 1373 308 1411 rantes
340 1383 438 1421 vos,
482 1369 553 1425 qui
587 1369 784 1412 odientes
816 1383 961 1410 amare
996 1368 1257 1415 consuestis;
1305 1367 1520 1423 siquidem
1555 1373 1598 1410 et
1631 1368 1685 1409 ad
1718 1367 1962 1422 augendam
1997 1369 2111 1409 circa
2144 1383 2222 1409 nos
2255 1369 2363 1409 ‹fari-

109 1448 122 1470 '»
158 1442 294 1480 tatem
326 1443 514 1480 vestram
558 1438 641 1480 duo
685 1439 847 1480 lumina
892 1442 1042 1480 nostra
1082 1438 1309 1489 detinetis,
1353 1438 1636 1480 Aurelianum
1680 1438 1774 1479 dico
1815 1442 1943 1492 atque
1976 1437 2220 1479 Leontium.
2290 1454 2365 1494 pro

161 1521 343 1563 quorum
377 1523 454 1564 spe
488 1513 531 1550 et
572 1508 944 1550 consummatione
984 1522 1090 1563 rogo
1134 1513 1181 1549 ut
1220 1507 1519 1549 indesinenter
1551 1507 1722 1549 divinae
1762 1506 2106 1552 misericordiae,
2149 1508 2261 1549 sicut
2293 1522 2367 1548 vos

160 1577 328 1619 confido
361 1578 519 1629 facere,
554 1577 808 1634 supplicetis
843 1582 886 1619 et
918 1592 1014 1619 cum
1047 1578 1132 1618 illis
1162 1577 1319 1619 iterum
1351 1592 1428 1634 pro
1460 1578 1586 1619 nobis
1611 1592 1784 1634 semper
1807 1577 1954 1627 oretis,
1989 1577 2087 1632 quia
2110 1577 2369 1618 fiducialiter

159 1646 310 1699 credo,
357 1646 470 1702 quod
513 1647 773 1702 profectioni
806 1651 976 1689 vestrae
1018 1650 1062 1688 et
1092 1646 1263 1688 illorum
1297 1647 1575 1702 incipientiae
1608 1661 1685 1702 pro
1718 1647 1813 1703 ipsa
1845 1646 1986 1688 adhuc
2019 1647 2310 1688 teneritudine
2344 1663 2369 1688 a

159 1717 371 1758 nutritore
404 1716 577 1758 domino
611 1716 670 1758 nil
702 1721 899 1772 negetur.
962 1717 1146 1758 salutem
1179 1717 1328 1772 itaque
1369 1716 1549 1758 uberem
1591 1716 1688 1758 dico
1734 1717 1886 1773 pietati
1926 1721 2116 1762 vestrae,
2162 1722 2368 1772 quantum

158 1789 301 1841 potest
331 1799 530 1840 promere
564 1785 650 1827 oris
684 1786 854 1838 effatus,
895 1800 980 1827 non
1013 1790 1223 1841 quantum
1256 1785 1399 1827 cordis
1431 1786 1570 1842 poscit
1602 1786 1796 1838 affectus,
1838 1791 1880 1827 et
1912 1800 2032 1840 rogo,
2072 1791 2119 1827 ut
2150 1787 2368 1842 praefatos

158 1854 430 1896 dulcissimos
466 1855 665 1896 stimulos
698 1856 886 1911 pectoris
918 1855 1006 1897 mei
1037 1859 1184 1896 nostro
1222 1856 1396 1896 nomine
1436 1855 1657 1911 sospitetis
1701 1869 1887 1910 nosque,
1930 1855 2289 1911 quotiescumque
2323 1870 2367 1896 se

158 1925 461 1980 opportunitas
493 1926 741 1980 porrexerit
774 1925 1013 1981 portitoris,
1046 1925 1367 1967 benedictionis
1391 1930 1564 1967 vestrae
1597 1925 1809 1966 imbribus
1834 1925 2037 1980 irrigetis,
2091 1939 2164 1966 ora
2189 1940 2264 1981 pro
2287 1940 2368 1967 mc.

1201 2122 1320 2165 XLI.

494 2224 782 2267 RURICIUS
815 2224 1146 2267 EPISOOPUS
1180 2226 1551 2269 APOLLINARI
1585 2226 1698 2269 SUO
1734 2226 2029 2269 SALUTEM.

303 2303 537 2364 Arrsc'rus
587 2323 867 2364 sublimitatis
912 2328 1082 2365 vestrae
1130 2324 1174 2365 in
1222 2325 1461 2367 visceribus
1510 2326 1671 2367 nostris
1719 2327 1932 2368 violentus
1983 2331 2161 2368 exactor
2209 2330 2275 2367 est
2324 2330 2366 2366 et

157 2392 294 2434 amori
327 2396 471 2433 vestro
506 2406 575 2434 me
608 2393 751 2448 potius
784 2407 913 2448 quam
946 2393 1100 2449 pudori
1133 2409 1229 2436 meo
1261 2396 1421 2438 servire
1454 2396 1695 2452 compellit,
1730 2396 1831 2437 dum
1863 2411 1947 2437 non
1981 2396 2244 2448 considerat,
2285 2410 2366 2451 quo

157 2476 377 2514 sermone,
418 2475 502 2516 qua
534 2462 713 2517 pagina,
755 2466 922 2504 tantum
955 2464 1113 2505 vestris
1146 2464 1340 2521 imperiis
1375 2466 1681 2521 obsequamur.
1744 2466 1900 2521 cogitis
1933 2466 2048 2507 enim
2081 2480 2159 2506 nos
2193 2465 2366 2506 auribus

158 2532 340 2588 peritiae
364 2535 537 2573 vestrae
569 2532 713 2573 verbis
745 2533 920 2573 rusticis
952 2532 1152 2575 iniuriam
1185 2534 1436 2590 frequenter
1467 2535 1640 2588 inferre,
1674 2535 1775 2577 dum
1809 2536 1953 2592 apices
1986 2540 2158 2577 nostros
2193 2535 2366 2590 saepius

157 2602 289 2642 vultis
329 2601 552 2657 accipere:
596 2616 728 2658 pareo
761 2602 976 2643 voluntati
1008 2607 1199 2656 vestrae,
1242 2618 1374 2659 pareo
1415 2605 1609 2647 iussioni.
1672 2606 1784 2646 malo
1825 2605 1939 2647 enim
1973 2604 2026 2646 (10
2060 2619 2128 2646 1110
2160 2605 2254 2660 11130
2287 2603 2365 2644 11111

155 2671 294 2727 magis
327 2685 454 2726 quam
486 2670 592 2711 mihi
625 2671 817 2724 credere,
851 2672 952 2727 quia
984 2672 1173 2729 pietatis,
1206 2687 1292 2714 non
1324 2674 1554 2730 potestatis
1587 2679 1652 2716 est
1684 2674 1799 2730 quod
1832 2674 2008 2717 iubetis.
2064 2679 2107 2715 et
2128 2673 2224 2715 ideo
2258 2687 2366 2728 quae

157 2740 460 2796 displicuerint
512 2740 799 2783 emendabitis
851 2742 1001 2797 procul
1054 2742 1185 2784 dubio
1238 2743 1382 2798 potius
1434 2758 1563 2799 quam
1613 2743 1826 2800 prodetis,
1880 2743 2092 2799 siquidem
2143 2743 2250 2784 nihil
2303 2746 2369 2783 cst

157 2809 433 2866 imperiosius
478 2810 681 2862 caritate,
730 2810 798 2851 cui
841 2812 1022 2867 quisque
1066 2816 1157 2853 1010
1207 2812 1335 2854 corde
1384 2826 1431 2854 30
1477 2813 1666 2864 dederit,
1714 2813 1900 2855 libenter
1947 2818 1990 2855 et
2031 2813 2204 2854 vincula
2253 2813 2367 2853 illius

157 2879 347 2935 impacta
390 2879 581 2935 patietur
626 2884 669 2920 et
715 2893 847 2921 onera
887 2881 1023 2922 inlata
1061 2882 1270 2937 portabit,
1318 2882 1419 2924 dum
1458 2883 1768 2939 praecipientis
1811 2883 2041 2939 imperium
2080 2897 2166 2924 non
2205 2882 2365 2923 invitus

159 2948 342 3004 excipit,
391 2948 468 2989 sed
509 2948 691 2990 devotus
737 2954 926 2992 exercet.
986 2951 1231 3006 praestabit
1270 2952 1415 3007 itaque
1458 2952 1606 2993 divina
1642 2953 1961 3004 misericordia,
2003 2956 2068 3003 ut,
2111 2951 2366 2993 tumultibus

105 3037 119 3051 ιι
156 3018 366 3074 temporis
407 3017 536 3059 huius
573 3019 644 3060 vel
683 3020 1022 3061 necessitatibus
1064 3025 1139 3062 aut
1182 3020 1336 3063 deletis
1378 3022 1422 3062 in
1464 3026 1725 3078 perpetuum
1762 3026 1836 3063 aut
1866 3035 2100 3078 parumper
2131 3020 2365 3077 oppressis,

158 3087 286 3128 citius
331 3086 498 3128 fructus
536 3102 613 3130 nos
655 3088 786 3130 faeiat
827 3089 880 3130 de
918 3094 1069 3132 nostra
1112 3104 1269 3146 capere
1308 3091 1577 3146 praesentia,
1625 3096 1672 3133 ut
1717 3090 1935 3133 desideria
1983 3105 2092 3146 quac
2132 3091 2367 3132 incitantur

158 3156 360 3198 affatibus
392 3157 645 3213 aspectibus
678 3153 946 3214 mitigentur.

293 3295 317 3328 4
348 3296 520 3330 uieturino
541 3296 570 3329 G
731 3297 752 3331 5
782 3299 925 3342 capices‚
957 3311 1031 3342 exp.
1057 3310 1075 3332 e
1097 3300 1147 3332 G¹
1313 3299 1333 3332 6
1358 3298 1484 3343 potius]
1512 3299 1712 3342 sslommsen,
1744 3301 1848 3333 totius
1869 3301 1909 3341 G,
1944 3305 2030 3332 10103
2056 3300 2141 3332 conc.
2168 3297 2363 3341 Illis-johann

159 3352 178 3387 7
204 3359 362 3387 00103103
384 3353 414 3386 G
506 3354 641 3387 obolere
670 3355 699 3388 G
838 3356 859 3389 8
884 3357 1001 3389 fideles
1022 3357 1051 3389 G
1146 3358 1341 3390 ammodum
1363 3358 1392 3389 G
1486 3364 1601 3401 pector
1622 3358 1651 3390 G
1745 3359 1972 3391 dicatissimus
1998 3355 2140 3399 delator]
2168 3356 2366 3395 Also‘nzmsen,

158 3413 398 3445 decacissimus
422 3412 544 3445 lelator
564 3413 604 3454 G,
628 3413 858 3446 deditissimus
883 3415 1013 3447 delator
1033 3414 1190 3447 canisius
1325 3413 1346 3447 9
1370 3413 1573 3457 dilectionis]
1595 3416 1659 3457 G2,
1682 3416 1880 3448 dilectiones
1902 3416 1953 3447 G¹
2090 3413 2129 3445 11
2157 3424 2316 3455 accepere
2338 3412 2366 3444 G

157 3468 203 3503 14
225 3471 408 3503 consuistis
429 3470 458 3502 G
576 3469 619 3503 15
644 3471 814 3515 detinetis]
837 3472 1003 3514 canisius,
1028 3474 1162 3506 etinetis
1185 3473 1215 3505 G
1285 3473 1493 3505 aurilianum
1518 3473 1548 3505 G
1674 3473 1716 3506 18
1734 3470 1963 3517 incipientiae]
1987 3472 2027 3513 G,
2051 3473 2095 3514 cf.
2114 3483 2162 3513 ep.
2184 3470 2366 3503 caesariae

157 3528 291 3561 Arelat.
311 3527 406 3570 apud
425 3527 582 3561 Martene
607 3534 637 3561 et
654 3529 819 3571 Duraml,
844 3530 973 3563 szecd.
997 3536 1073 3562 tom.
1093 3530 1124 3572 I,
1142 3543 1180 3573 p.
1200 3534 1249 3563 4.-
1271 3531 1330 3573 qui
1355 3531 1453 3563 vobis
1478 3531 1711 3574 incipientiam
1737 3533 1861 3564 donare
1885 3530 2045 3572 dignetur
2069 3534 2101 3561 et
2126 3528 2365 3571 perfectionem

156 3584 202 3618 20
225 3586 349 3618 effatus
373 3597 462 3617 corr.
487 3586 610 3619 affatus
630 3587 660 3620 G
729 3589 882 3631 prefatus
904 3589 934 3621 G
1058 3588 1100 3621 21
1127 3589 1344 3621 dulcissimus
1366 3589 1395 3620 G
1471 3587 1599 3632 nostro]
1626 3592 1650 3620 n
1676 3588 1709 3630 (i.
1730 3601 1757 3622 e.
1775 3589 1856 3630 11011)
1879 3589 1907 3621 G
2035 3586 2078 3619 24
2106 3585 2316 3629 appollouari
2337 3585 2366 3616 G

156 3642 202 3675 30
225 3643 383 3686 potestati
404 3642 434 3675 G
583 3642 627 3676 31
653 3646 858 3679 mendabitis
879 3646 908 3679 G
1061 3645 1106 3678 3⁴2
1132 3647 1217 3679 derit
1238 3647 1266 3679 G
1418 3646 1462 3680 33
1486 3647 1628 3690 inuitus]
1655 3660 1723 3680 11011
1748 3648 1865 3689 repetit
1886 3648 1915 3678 G
2065 3643 2110 3676 34
2134 3644 2317 3687 praestauit
2338 3642 2366 3673 G

157 3701 342 3733 tumultiba
363 3700 392 3732 G
527 3701 572 3735 35
597 3701 728 3746 deletis]
749 3704 949 3743 Bloonmsmz,
973 3704 1104 3736 dilectis
1126 3704 1189 3743 (1¹¹,
1214 3704 1324 3736 diletis
1346 3704 1398 3735 G²
1485 3716 1629 3747 paruum
1656 3716 1714 3748 per
1735 3705 1764 3736 G
1896 3703 1940 3736 36
1965 3701 2078 3745 citius]
2102 3702 2165 3741 G‘2,
2190 3701 2293 3732 ,vitius
2314 3700 2363 3731 G¹

158 3758 290 3790 fructus
315 3755 389 3800 nos]
413 3757 477 3798 G²‚
502 3761 635 3792 hctus
660 3772 721 3793 *os
742 3761 807 3803 G¹,
832 3762 876 3804 qs.
895 3761 993 3804 infra
1011 3761 1065 3802 II,
1082 3763 1126 3793 63
1243 3760 1286 3794 37
1312 3762 1472 3795 affatibus
1491 3763 1531 3804 G,
1556 3765 1600 3807 ef.
1621 3764 1718 3805 infra
1737 3762 1791 3803 II,
1804 3764 1845 3794 63
1915 3758 2125 3804 mitigentur]
2145 3760 2219 3791 finit
2235 3759 2317 3791 add.
2336 3759 2365 3790 G

2413 1720 2436 1757 2⁷!

2412 2606 2435 2644 ἐν·
