2583 4011
1044 185 1188 220 LIBER
1213 186 1570 230 11‚1§3—2§7.
2358 196 2410 235 23

197 303 439 347 concordia.
503 316 627 345 mons
667 301 721 343 ab
754 315 932 353 occasu,
967 314 1229 357 quamquam
1261 305 1481 353 terrenus,
1515 302 1676 343 arduus
1713 307 1859 345 tamen
1893 306 2120 349 inferiores
2154 308 2234 349 sibi
2270 309 2404 350 collos

161 402 170 406 «
196 379 417 429 tamquam
456 372 630 428 gemino
671 371 821 412 fomite
865 370 1070 423 effundit,
1113 375 1318 426 quattuor
1356 385 1381 411 a
1413 385 1459 412 se
1493 371 1664 412 circiter
1696 372 1892 427 iugerum
1925 375 2155 417 latitudine
2189 377 2410 420 abductos.

197 443 275 485 sed
321 442 460 483 (101100
513 440 731 482 domicilio
789 443 1044 495 competens
1098 439 1305 480 vestibuli
1357 453 1534 495 campus
1587 441 1798 495 aperitur,
1851 442 2034 484 mediam
2079 446 2233 486 vallem
2283 447 2411 487 rectis

193 512 405 554 tractibus
449 515 774 567 prosequuntur
812 510 951 551 latera
995 509 1202 550 clivorum
1246 522 1386 564 usque
1430 509 1471 548 in
1510 509 1750 562 marginem
1792 510 1943 561 villae,
1988 526 2098 566 quae
2147 514 2187 553 in
2238 514 2407 556 Borean

127 592 136 604 ‘
194 582 491 636 Austrumque
535 579 756 621 conversis
801 578 1014 619 frontibus
1057 577 1266 619 tenditur.
1341 577 1565 618 balineum
1610 577 1664 618 ab
1704 577 1852 619 Africo
1895 579 2112 620 radicibus
2155 595 2409 624 nemorosae
2455 587 2475 624 4

194 651 313 706 rupis
347 649 622 692 adhaerescit
655 653 699 690 et
732 648 768 689 si
802 647 969 689 caedua
998 662 1077 704 per
1109 647 1258 702 iugum
1294 647 1403 688 silva
1435 650 1679 695 truncetur,
1718 647 1757 687 in
1803 661 1877 688 ora
1918 648 2105 689 fornacis
2138 650 2259 705 lapsu
2295 652 2411 690 volnt

197 723 441 776 spontaneo
480 717 679 761 deciduis
718 717 908 758 struibus
949 717 1218 773 impingitur.
1285 717 1386 758 hinc
1429 730 1639 771 aquarum
1686 716 1821 770 surgit
1872 717 1983 757 cella
2023 718 2259 765 coctilium,
2301 734 2410 773 quac

192 789 475 844 consequenti
526 787 842 842 unguentariae
895 787 1022 842 spatii
1074 787 1293 842 parilitate
1353 785 1621 840 conquadrat
1673 789 1858 840 excepto
1909 786 2001 826 solii
2055 788 2227 841 capacis
2274 787 2409 828 hemi-

195 858 352 914 cyclio,
385 857 459 898 ubi
493 860 536 899 et
566 857 630 897 vis
667 855 810 897 undae
849 855 1060 896 ferventis
1101 869 1180 911 per
1220 855 1431 910 parictem
1473 853 1778 895 foraminatum
1810 853 1969 894 flexilis
2003 854 2165 909 plumbi
2198 856 2412 896 meatibus

193 927 391 983 inplicita
433 925 656 981 singultat.
726 924 838 965 intra
878 924 1084 966 conclave
1131 937 1390 966 succensum
1436 922 1601 964 solidus
1643 922 1735 964 dies
1777 926 1820 963 et
1860 922 1968 963 haec
2010 923 2273 967 abundantia
2304 925 2412 965 lucis

194 997 412 1047 inclusae,
458 999 506 1036 ut
552 993 824 1036 verecundos
875 1007 1071 1049 quosque
1123 994 1359 1049 compellat
1407 991 1569 1048 aliquid
1618 1006 1664 1032 se
1713 991 1812 1047 plus
1861 996 2015 1046 putare
2079 1006 2206 1047 quam
2262 993 2412 1036 nudos.

192 1065 293 1107 hinc
330 1064 555 1120 frigidaria
595 1063 819 1115 dilatatur,
871 1077 982 1119 quae
1022 1063 1214 1120 piscinas
1255 1062 1442 1119 publicis
1495 1061 1699 1117 operibus
1748 1064 1970 1102 extructas
2014 1074 2094 1101 non
2141 1061 2416 1117 impudenter
2458 1065 2480 1100 ἴ,

195 1135 502 1177 aemularetur.
576 1133 763 1189 primum
817 1133 921 1174 tecti
967 1133 1091 1189 apice
1143 1133 1185 1173 in
1234 1146 1388 1174 conum
1436 1131 1729 1181 cacuminato,
1777 1144 1873 1171 cum
1922 1129 1975 1170 ab
2023 1131 2192 1185 angulis
2240 1131 2411 1186 quadri-

190 1205 344 1247 fariam
393 1204 699 1246 concurrentia
745 1202 874 1245 dorsa
931 1203 1158 1244 cristarum
1205 1202 1364 1257 tegulis
1422 1199 1781 1242 interiacentibus
1833 1199 2184 1252 imbricarentur.
2246 1201 2307 1241 ita
2367 1205 2412 1241 ut

141 1285 155 1308 5
191 1275 531 1316 ministeriorum
569 1287 665 1315 sese
703 1287 788 1314 non
828 1272 1095 1328 impediente
1138 1272 1352 1313 famulatu
1399 1275 1464 1312 tot
1511 1270 1650 1326 possit
1700 1269 1896 1324 recipere
1952 1269 2106 1322 sellas,
2159 1275 2262 1325 quot
2306 1270 2415 1310 solet

194 1344 334 1400 sigma
388 1357 621 1400 personas,
676 1342 895 1384 fenestras
949 1356 972 1384 e
1019 1341 1198 1397 regione
1253 1340 1452 1383 conditor
1502 1340 1627 1381 binas
1680 1339 1864 1381 confinio
1924 1352 2120 1380 camerac
2182 1338 2411 1394 pendentis

192 1413 404 1465 admovit,
460 1416 508 1453 ut
565 1412 881 1468 suspicientum
933 1411 1044 1452 visui
1101 1410 1392 1453 fabrefactum
1451 1409 1631 1451 lacunar
1689 1408 1892 1464 aperiret.
1963 1407 2142 1449 interior
2201 1409 2413 1463 parietum

191 1483 326 1525 facies
390 1481 480 1523 solo
543 1482 723 1537 levigati
802 1481 1018 1523 caementi
1095 1480 1282 1523 candore
1351 1482 1555 1522 contenta
1620 1482 1698 1520 est.
1805 1490 1892 1518 non
1959 1477 2028 1518 hic
2104 1490 2182 1532 per
2253 1477 2411 1518 nudam
2457 1480 2480 1517 (j

191 1553 403 1609 pictorum
448 1565 678 1608 corporum
734 1549 1101 1607 pulchritudinem
1141 1550 1280 1606 turpis
1336 1552 1507 1605 prostat
1544 1547 1746 1599 historia,
1790 1559 1900 1602 quae
1949 1546 2062 1587 sicut
2103 1550 2228 1587 ornat
2260 1550 2412 1598 artem.

191 1623 252 1664 sic
296 1622 559 1664 devenustat
604 1620 825 1663 artificem.
906 1621 1067 1663 absunt
1118 1620 1291 1662 ridiculi
1342 1619 1503 1661 vestitu
1556 1622 1600 1660 et
1651 1615 1841 1658 vultibus
1893 1615 2127 1657 histriones
2178 1616 2412 1671 pigmentis

190 1692 536 1734 multicoloribus
567 1690 842 1732 Philistionis
883 1690 1202 1746 supellectilem
1242 1689 1518 1731 mentientes.
1579 1687 1740 1728 absunt
1777 1685 1931 1727 lubrici
1973 1685 2243 1745 tortuoosiquc
2287 1685 2413 1740 pugi-

192 1762 286 1803 latu
333 1766 377 1803 et
427 1761 616 1803 nexibus
662 1760 971 1817 palaestritae,
1019 1773 1202 1815 quorum
1252 1759 1386 1801 etiam
1432 1758 1653 1799 viventum
1706 1756 1866 1809 luctas,
1921 1755 1957 1796 si
2010 1754 2288 1796 involvantur
2338 1754 2412 1794 ob-

191 1831 384 1883 scenius,
431 1835 552 1872 casta
596 1830 827 1872 confestim
872 1829 1306 1885 gymnasiarchorum
1352 1829 1473 1883 virga
1520 1825 1732 1868 dissolvit.
1821 1823 1924 1880 quid
1970 1824 2122 1880 plura?
2175 1823 2282 1864 nihil
2329 1823 2412 1864 illis
2459 1826 2480 1864 7

189 1901 364 1956 paginis
403 1900 666 1957 impressum
706 1900 969 1956 reperietur,
1010 1899 1126 1955 quod
1166 1913 1253 1940 non
1284 1898 1445 1940 vidisse
1486 1897 1542 1938 sit
1584 1895 1790 1938 sanctius,
1864 1894 1990 1950 pauci
2031 1898 2175 1935 tamen
2209 1893 2414 1935 versiculi

138 1979 152 2003 ⁵
188 1969 397 2011 lectorem
442 1969 735 2011 adventicium
782 1968 1116 2011 remorabuntur
1164 1968 1343 2009 minime
1393 1966 1589 2023 improbo
1643 1966 2011 2020 temperamento,
2061 1962 2162 2018 quia
2211 1976 2286 2004 eos
2336 1976 2413 2003 nec

188 2039 400 2095 relegisse
439 2038 660 2082 desiderio
703 2042 772 2080 est
809 2053 891 2080 nec
931 2037 1175 2094 perlegisse
1215 2036 1406 2079 fastidio.
1478 2036 1584 2087 iam,
1624 2034 1660 2076 si
1698 2047 1916 2075 marmora
1955 2031 2167 2087 inquiras‚
2208 2045 2293 2073 non
2327 2031 2413 2072 illic

333 2281 351 2314 1
375 2287 452 2325 post
475 2282 658 2316 concordia
682 2293 708 2315 s.
735 2282 758 2314 Z.
784 2280 867 2314 add.
892 2282 938 2317 ÷
961 2286 999 2314 ut
1022 2293 1051 2314 v.
1078 2281 1121 2313 M
1129 2281 1138 2300 ¹
1173 2280 1224 2312 Τ2
1343 2251 1486 2313 teri-exilis
1511 2279 1549 2312 F
1561 2279 1570 2298 ¹
1736 2278 1758 2311 2
1783 2283 1929 2321 quatuor
1955 2276 1993 2310 F
2098 2275 2264 2309 abductos
2291 2273 2349 2316 (ab
2376 2275 2411 2307 iu

188 2374 260 2397 ras.
285 2362 354 2406 P1)
382 2363 429 2406 P,
463 2364 630 2397 obductos
661 2361 691 2405 (1
716 2363 760 2396 ad
785 2362 868 2396 add.
894 2362 931 2395 in
964 2374 1075 2405 mary.
1107 2360 1172 2404 T2)
1205 2361 1236 2393 T
1394 2358 1416 2392 3
1441 2359 1612 2392 domicilio
1646 2358 1679 2401 (0
1704 2364 1788 2392 extr.
1821 2358 1856 2391 ἱη
1888 2369 1959 2391 ras.
1985 2357 2029 2388 M
2037 2355 2062 2398 ¹)
2089 2356 2133 2387 All
2291 2354 2312 2387 4
2338 2367 2411 2398 pro-

188 2449 357 2488 sequntur
385 2444 458 2487 TF,
482 2449 709 2488 prosecuntur
734 2443 809 2476 MP
908 2443 944 2476 in
969 2454 994 2476 s.
1021 2444 1042 2476 l.
1070 2442 1153 2476 add.
1177 2442 1227 2473 Τ2
1321 2441 1459 2475 boream
1491 2440 1522 2472 Τ
1521 2439 1616 2473 (JFP
1752 2438 1774 2471 ἴ)
1799 2438 1959 2471 balncum
1986 2436 2131 2478 MCFP,
2155 2437 2328 2490 balineum
2361 2435 2408 2467 '1'2

188 2528 304 2560 affrico
330 2526 404 2560 Mo
544 2525 565 2559 6
590 2526 694 2560 velud
719 2526 757 2558 F
893 2523 913 2557 7
939 2525 1107 2559 striuibus
1131 2524 1156 2567 (i
1180 2524 1290 2567 prior.
1316 2534 1406 2556 eras.
1429 2523 1493 2565 0¹)
1520 2522 1712 2566 inpingitur
1740 2520 1769 2553 Ο
1904 2520 1926 2551 ὅ
1951 2518 2056 2562 spacii
2082 2518 2155 2550 Mo
2244 2518 2306 2550 soli
2335 2516 2408 2558 (alt.

188 2608 200 2640 i
225 2619 253 2642 3.
279 2609 302 2641 Ζ.
328 2608 410 2641 add.
438 2607 508 2650 F2)
540 2607 606 2640 TF
672 2606 841 2676 emicielipt
865 2606 952 2649 MF,
978 2606 1112 2640 emiclio
1141 2605 1170 2638 O
1275 2603 1383 2675 9ᾱέὒί
1408 2608 1442 2636 et
1466 2603 1519 2636 vis
1544 2603 1657 2636 undae
1682 2606 1769 2644 spat.
1797 2602 1816 2633 9
1841 2601 1901 2633 litt.
1927 2611 1999 2633 vac.
2026 2610 2090 2631 om.
2117 2598 2147 2630 L
2227 2604 2259 2631 ct
2284 2599 2336 2630 vis
2361 2598 2411 2639 M,

188 2687 204 2721 1
228 2689 305 2722 aeni
341 2700 368 2722 ε.
394 2689 417 2723 ἰ.
456 2689 539 2721 add.
566 2688 610 2721 M
617 2689 630 2708 ²
748 2688 841 2735 unde
867 2687 908 2719 M
919 2688 944 2728 ²,
983 2690 1033 2720 usi
1071 2698 1160 2720 corr.
1193 2686 1230 2719 in
1260 2697 1309 2718 un
1342 2685 1373 2717 T
1379 2686 1392 2704 ²
1448 2728 1451 2730 q
1510 2684 1650 2717 fervetis
1681 2694 1707 2716 s.
1735 2683 1756 2715 l.
1794 2682 1876 2715 add.
1910 2681 1957 2713 T²
2085 2680 2249 2724 implicita
2274 2679 2314 2711 Μ
2322 2679 2416 2711 ΤΗΝ

191 2767 236 2802 10
259 2769 428 2812 singultat
444 2774 587 2812 praeter
612 2768 729 2811 singul
754 2768 824 2812 def.
849 2767 885 2800 i‘n
903 2767 941 2800 F
1012 2767 1101 2800 inter
1132 2766 1227 2799 TCF
1295 2765 1530 2799 habundantia
1547 2764 1591 2806 F,
1615 2763 1832 2798 abundaneia
1852 2762 1881 2795 G
2010 2760 2053 2793 12
2079 2764 2270 2794 exstructas
2288 2759 2337 2800 M,
2363 2759 2410 2790 in-

187 2854 332 2882 structas
355 2849 387 2880 T
439 2849 645 2892 inpudenter
665 2848 693 2881 O
795 2847 838 2882 13
863 2848 1055 2881 aemuletur
1077 2845 1114 2889 T,
1130 2847 1220 2890 fort.
1245 2851 1333 2879 recte
1405 2846 1618 2879 cacuminato
1638 2850 1779 2887 praeter
1805 2844 1956 2876 uminato
1973 2842 2042 2884 def.
2059 2842 2096 2874 in
2114 2841 2151 2874 F
2264 2839 2307 2873 14
2331 2852 2409 2872 eon-

188 2931 366 2963 currencia
391 2930 421 2963 C
558 2928 601 2963 15
626 2927 868 2973 impe*diente
887 2928 939 2962 Ρ2
1035 2929 1144 2972 possis
1167 2927 1201 2959 P
1293 2927 1384 2970 quod
1401 2926 1468 2958 LP
1559 2926 1635 2958 solii
1663 2924 1872 2958 sirmondus
2015 2921 2056 2955 1ss
2083 2923 2204 2955 simma
2232 2920 2408 2959 LMTCI’,

190 3022 324 3054 symma
350 3010 388 3043 F
568 3015 648 3053 post
686 3021 848 3053 personas
883 3009 948 3042 ins.
982 3009 1056 3052 ipsa
1091 3020 1172 3041 vero
1209 3007 1495 3040 convenientibus
1530 3006 1699 3039 mensuris
1737 3005 1952 3038 exactissima
1982 3004 2193 3047 spatiositate
2224 3002 2409 3044 quadratur

198 3091 384 3124 Vaticanus
414 3091 566 3134 Reyt'nae
592 3093 664 3133 216,
697 3090 884 3133 Philippici
910 3091 995 3122 1685
1019 3095 1048 3122 et
1072 3091 1159 3122 3671
1185 3089 1311 3130 aliique
1423 3088 1608 3130 pendentes
1640 3085 1705 3119 TF
1858 3083 1900 3117 17
1927 3084 2092 3117 ammovit
2119 3083 2147 3114 L
2157 3082 2188 3114 T
2298 3082 2405 3124 suspi-

191 3173 352 3206 cientium
373 3171 436 3205 OF
590 3172 739 3204 lucunar
764 3171 795 3203 L
955 3170 1126 3213 apperiret
1152 3170 1182 3202 C
1363 3169 1547 3211 patrietum
1580 3166 1654 3210 (pr.
1680 3173 1693 3200 t
1717 3178 1807 3199 eras.
1836 3166 1896 3208 02)
1927 3166 1956 3198 (J
2174 3162 2217 3196 19
2248 3164 2410 3206 pulcritu-

191 3255 305 3287 dinem
337 3252 461 3286 TOFP
563 3247 647 3284 turb
673 3250 711 3283 F
810 3250 963 3293 hystoria
983 3249 1020 3282 F
1168 3248 1214 3282 20
1238 3249 1339 3281 vultu
1362 3248 1394 3280 T
1482 3249 1678 3292 pygmentis
1695 3247 1727 3279 L
1874 3244 1917 3278 21
1944 3245 2059 3292 multis
2092 3244 2263 3277 coloribus
2296 3242 2369 3286 (pr.
2394 3255 2409 3275 s

191 3346 280 3368 eras.
298 3334 366 3376 1³2)
384 3333 418 3366 P
494 3332 767 3376 suppellectilem
784 3331 948 3364 LTC'FP
1022 3331 1194 3374 pugillatu
1219 3329 1393 3362 MTCFP
1518 3328 1563 3362 22
1581 3334 1613 3362 et
1629 3329 1665 3361 in
1680 3340 1752 3361 ras.
1774 3327 1821 3360 Ρ1
1895 3297 2097 3370 palestratae
2120 3325 2165 3357 M
2173 3326 2185 3344 ²
2280 3335 2297 3367 11,
2323 3336 2410 3356 corr.

191 3416 228 3448 in
261 3407 295 3460 ξ
321 3416 369 3447 T2
566 3412 612 3447 23
636 3398 965 3457 gimnasiareliorum
996 3411 1493 3459 BICF,*ginimasiarehorum
1526 3411 1574 3452 P,
1619 3410 1950 3453 gyniiasiarcliorum
1982 3407 2014 3438 Τ
2170 3406 2274 3438 nichil
2306 3402 2415 3435 MCIr'

190 3495 236 3530 24
268 3497 497 3566 repperieturd
516 3494 584 3539 (pr.
621 3507 642 3538 p
683 3506 774 3527 eras.
807 3492 887 3536 M2)
923 3493 1008 3534 MF,
1038 3463 1214 3536 reperletur
1238 3491 1272 3523 P
1281 3491 1287 3510 ¹
1425 3492 1558 3524 santius
1586 3492 1614 3523 (J
1742 3496 1854 3523 tamen
1881 3501 1944 3521 om.
1974 3487 2037 3520 OF
2217 3484 2262 3517 25
2286 3485 2408 3516 adven-

1788 3535 1805 3560 d

192 3577 305 3610 titium
335 3577 423 3619 MC,
466 3576 672 3610 aventitium
698 3574 747 3606 P¹
907 3578 1172 3617 temperamento
1213 3572 1366 3614 improbo
1393 3571 1426 3603 P
1631 3570 1675 3603 26
1705 3572 1839 3613 fastigio
1866 3570 1917 3602 F¹
2070 3568 2203 3608 iainque
2241 3576 2406 3597 marmora

193 3655 270 3698 (om.
296 3657 338 3697 si)
365 3656 402 3689 F
