2583 4011
93 1851 107 1871 5

79 2195 110 2218 ln

83 2543 113 2567 15

887 218 1025 252 runca
1055 218 1096 255 n,
1133 216 1233 251 xvn
1260 218 1279 258 ,s
1307 219 1329 249 s
1355 235 1394 239 ψ
1424 215 1484 249 xx
1513 216 1532 257 ς·
1558 217 1588 248 ‹·‚.
2248 214 2328 252 :320

677 346 706 368 1¹·
745 350 810 376 me
845 348 1016 389 semper
1049 333 1210 373 recolat
1244 336 1455 385 canatque
1491 331 1635 381 lingua

745 411 784 444 vt
819 418 936 444 inens
970 417 1036 442 me
1072 407 1230 444 teneat,
1263 415 1391 456 sopor
1425 406 1625 441 retentet.

745 488 811 513 mo
845 485 1017 526 semper
1051 470 1211 510 recinat
1245 476 1361 510 tuum
1398 469 1614 509 labellum.

746 542 821 582 lios
855 547 898 581 tn
933 539 1166 580 visceribus
1201 539 1283 594 piis
1318 537 1517 580 reconde.

747 611 822 651 lios
857 615 971 650 tecto
1006 607 1198 649 residens
1232 607 1428 661 viamque
1464 620 1658 661 carpens.

681 690 708 713 15·
748 680 826 720 lios
860 680 970 720 inter
1003 678 1160 719 calices
1194 683 1284 717 toro
1318 675 1574 717 recumbens

745 753 787 788 et
820 762 970 803 parcas
1004 747 1154 802 epulas
1187 746 1392 800 cibosque
1426 744 1588 784 dulces.

745 823 866 858 antro
902 816 1088 872 pectoris
1121 820 1163 856 et
1195 814 1385 856 medulla
1417 813 1558 853 cordis

749 886 938 926 inclusos
973 886 1119 928 recita.
1154 890 1335 925 canente
1369 888 1526 924 mente.

749 956 808 995 sie
844 970 918 995 nos
952 964 993 995 et
1028 962 1198 994 mutuos
1232 952 1378 994 videre
1414 952 1556 991 vultus

679 1036 712 1057 2¹·
750 1029 793 1065 et
826 1024 932 1064 vivis
966 1023 1127 1063 tribuat
1162 1023 1321 1063 referre
1356 1020 1515 1064 verbis,

748 1108 857 1148 quae
892 1107 1002 1133 nunc
1038 1093 1183 1133 intima
1218 1090 1406 1146 pectoris
1440 1089 1635 1143 fatigant.

749 1163 929 1217 largitor
961 1161 1068 1203 (leus
1101 1161 1289 1201 omnium
1323 1160 1547 1202 bonorum,

749 1232 949 1273 Christus
982 1245 1075 1271 cum
1110 1236 1232 1285 patre
1266 1229 1529 1284 sempiterno
1564 1242 1762 1282 regnans.

750 1305 898 1342 sancto
933 1299 1103 1356 spiritui
1137 1298 1363 1355 dignantes
1395 1298 1590 1354 hymnos.

1195 1494 1294 1538 XX.

323 1601 558 1644 DOMINO
591 1600 913 1642 INDIVIDUO
949 1599 1307 1647 SEMPERQUE
1342 1597 1677 1640 MAGNIFICo
1712 1595 1872 1637 FILIO
1908 1594 2163 1636 nUs'rleo

916 1669 1198 1711 RURICIUS
1232 1667 1573 1710 EPIs‘COPUs.

283 1751 608 1818 INoUffiTumeM
641 1769 745 1811 mihi
777 1769 830 1810 ab
863 1769 958 1810 aliis
990 1772 1033 1809 et
1064 1767 1186 1809 vobis
1219 1782 1244 1808 a
1276 1781 1343 1808 nie
1376 1767 1479 1808 facit
1511 1765 1701 1807 amicitia
1742 1763 1998 1813 eommunis,
2043 1762 2143 1817 quia
2174 1761 2243 1816 qni
2278 1776 2343 1800 me

145 1840 260 1895 apud
292 1854 386 1891 vos,
428 1854 512 1880 non
549 1839 643 1880 dico
675 1840 881 1890 multum,
927 1837 1003 1879 sed
1035 1837 1178 1878 onmia
1208 1850 1335 1892 posse
1369 1834 1607 1885 confidunt,
1652 1833 1705 1875 ad
1737 1833 2011 1874 ecclesiolam
2046 1836 2236 1872 nostram
2271 1844 2344 1885 pro

147 1923 225 1950 sua
264 1909 496 1950 securitate
536 1909 800 1963 confugiunt.
862 1921 1041 1963 quorum
1081 1921 1162 1961 ego
1202 1920 1286 1947 non
1329 1918 1506 1961 possum
1549 1918 1632 1945 non
1675 1907 1719 1944 et
1762 1901 1990 1943 condolere
2030 1900 2262 1954 gemitibus
2304 1904 2347 1939 et

146 1978 349 2033 precibus
393 1977 620 2030 oboedire,
664 1982 710 2018 ut
751 1992 826 2033 pro
867 1977 1058 2033 ipsorum
1097 1975 1271 2032 quidem
1315 1979 1438 2017 reatu
1479 1973 1554 2015 sed
1593 1977 1636 2014 et
1668 1986 1744 2028 pro
1778 1975 1921 2012 vestro
1953 1970 2117 2026 pariter
2149 1970 2345 2024 profectu

147 2047 351 2102 potestati
396 2051 565 2089 vestrae
608 2047 816 2088 attentius
858 2046 1109 2102 supplicem.
1182 2059 1261 2087 nec
1307 2044 1494 2095 mireris,
1542 2042 1654 2097 quod
1703 2041 1813 2093 dixi,
1862 2041 2032 2081 illorum
2080 2045 2246 2081 reatum
2294 2037 2347 2079 ad

148 2122 341 2158 vestrum
373 2117 592 2173 pertinere
630 2117 889 2172 profectum,
933 2115 1146 2170 siquidem
1187 2114 1355 2155 illorum
1398 2112 1670 2168 indulgentia
1702 2118 1848 2152 vestra
1886 2110 1933 2151 fit
1966 2110 2109 2159 venia,
2156 2109 2264 2149 sicut
2306 2112 2349 2148 et

147 2187 320 2242 inopum
365 2187 607 2242 indigentia
646 2186 907 2240 largientum
956 2199 1051 2226 esse
1099 2184 1291 2225 noscitur
1338 2182 1476 2238 copia.
1544 2181 1624 2222 hoc
1671 2180 1784 2223 enim
1832 2179 1954 2220 nobis
2002 2178 2264 2220 retribuetur
2306 2177 2349 2217 in

147 2256 318 2302 iudicio,
351 2256 463 2312 quod
488 2255 832 2312 praestiterimus
856 2255 897 2295 in
921 2254 1109 2305 saeculo,
1142 2252 1314 2294 dicente
1338 2253 1432 2308 ipso
1466 2251 1654 2292 domino:
1688 2249 1938 2291 dimittite
1972 2253 2022 2290 et
2054 2247 2348 2289 dimittetur

148 2326 317 2378 vobis,
356 2326 471 2368 date
505 2330 558 2368 et
590 2325 804 2366 dabitur
835 2324 1000 2370 vobis;
1042 2323 1290 2364 etiterum:
1335 2322 1378 2363 si
1410 2320 1730 2362 dimiseritis
1767 2318 2083 2367 hominibus,
2123 2321 2171 2358 et
2204 2321 2348 2373 pater

150 2399 326 2437 vester
357 2395 611 2437 dimittet
642 2395 789 2436 vobis
822 2398 1039 2450 peccata
1070 2396 1259 2434 vestra.
1308 2390 1423 2432 unde
1445 2390 1671 2432 evidenter
1694 2388 1981 2443 agnoscimus,
2006 2387 2134 2428 deum
2159 2391 2350 2427 nostrum

151 2464 414 2506 sententiani
437 2479 556 2506 suam
581 2465 623 2505 in
645 2468 793 2505 nostra
816 2463 1016 2519 posuisse
1040 2476 1235 2514 censura,
1269 2462 1341 2517 qui
1372 2475 1548 2517 precum
1581 2463 1824 2501 nostrarum
1857 2457 2103 2498 misericors
2137 2460 2181 2497 et
2213 2456 2350 2496 iustus

151 2533 321 2575 auditor
357 2534 565 2590 potestati
605 2548 709 2576 suae
748 2533 801 2575 de
843 2537 990 2573 nostra
1031 2532 1210 2574 lenitate
1254 2530 1553 2587 praescripsit,
1600 2534 1646 2570 ut
1693 2528 1736 2569 in
1770 2542 1841 2569 eos
1873 2525 2059 2582 quodam
2093 2524 2218 2566 modo
2266 2538 2349 2564 non

154 2602 335 2645 haberet
374 2603 439 2644 ius
473 2603 740 2655 severitatis,
784 2616 891 2658 quos
925 2601 992 2643 hic
1025 2600 1175 2643 avidos
1207 2615 1290 2642 non
1322 2599 1597 2656 perspexerit
1628 2597 1826 2643 ultionis;
1868 2596 1968 2652 quia
2000 2594 2112 2650 quod
2145 2594 2238 2649 ipsc
2272 2599 2351 2643 est,

152 2671 234 2713 hoc
265 2677 309 2714 et
339 2687 417 2714 nos
450 2687 548 2715 esse
580 2672 813 2715 desiderat.
875 2672 1119 2713 misericors
1152 2675 1234 2721 est,
1270 2669 1574 2712 misericordes
1607 2667 1789 2723 quaerit,
1828 2666 1998 2707 dicens:
2043 2668 2211 2705 estote
2244 2677 2350 2718 per-

155 2741 308 2793 fecti,
361 2742 495 2783 sicut
542 2746 591 2784 et
635 2747 788 2798 pater
839 2745 1018 2783 vester
1063 2740 1335 2795 perfectus
1382 2743 1483 2780 est.
1559 2737 1716 2779 cotidie
1764 2736 1935 2777 veniam
1981 2732 2261 2790 peccantibus
2311 2736 2353 2772 et

156 2811 499 2866 supplicantibus
537 2812 704 2860 tribuit;
745 2811 841 2853 ideo
880 2816 924 2853 et
962 2810 1275 2865 indulgentiam
1315 2824 1340 2850 a
1372 2806 1673 2864 peccatoribus
1705 2805 1857 2861 poscit.
1933 2803 2046 2844 unde
2082 2809 2125 2843 et
2157 2801 2351 2842 oratione

154 2879 371 2922 dominica
418 2881 554 2936 ipsius
601 2881 780 2922 dicimus
827 2880 1040 2922 doctrina:
1095 2879 1315 2920 dimitte
1359 2878 1506 2919 nobis
1545 2876 1733 2918 debita
1764 2879 1961 2922 nostra,
2000 2873 2149 2914 sicut
2180 2876 2233 2912 et
2266 2885 2353 2911 nos

158 2949 489 2992 dimittimus
521 2950 848 2992 debitoribus
882 2949 1096 2991 nostris.
1157 2947 1312 3003 quibus
1346 2947 1490 2988 verbis
1522 2945 1760 2987 durissimis
1792 2959 1869 2985 nos
1899 2941 2080 2982 vinculis
2112 2941 2355 2995 inligamus

156 3019 239 3060 nisi
270 3020 384 3075 quod
415 3019 671 3075 pollicemur
702 3019 945 3074 implemus,
979 3017 1079 3072 quia
1111 3022 1154 3058 et
1185 3030 1262 3072 per
1284 3016 1543 3071 prophetam
1567 3014 1628 3055 sic
1652 3013 1775 3054 dicit:
1809 3013 1953 3053 homo
1986 3010 2179 3051 homini
2212 3012 2354 3049 tenet

158 3088 282 3129 iram
323 3092 373 3130 et
404 3104 429 3129 a
460 3088 661 3130 domino
700 3088 900 3143 quaerit
932 3087 1232 3129 medellam?
1294 3089 1557 3140 quapropter
1590 3097 1663 3138 pro
1696 3081 1891 3131 Baxonc,
1933 3079 2005 3134 qui
2039 3079 2093 3120 ad
2125 3078 2354 3119 ecclesiam

159 3157 327 3198 Userca
359 3158 573 3213 confugit,
612 3154 871 3199 intercessor
902 3156 1080 3208 accede,
1122 3169 1321 3210 sperans,
1360 3158 1407 3195 ut
1439 3153 1622 3209 primum
1655 3165 1729 3206 pro
1762 3150 1831 3192 dei
1870 3150 2041 3200 timore,
2083 3146 2238 3189 deinde
2279 3160 2353 3201 pro

90 3235 104 3260 2
159 3231 307 3268 nostra
343 3227 654 3268 intercessione
692 3226 774 3281 ipsi
813 3240 993 3282 parcere
1027 3224 1231 3279 digneris.
1295 3222 1415 3264 cuius
1448 3221 1721 3263 absolutione
1755 3224 1798 3261 et
1831 3219 1874 3259 in
1907 3217 2031 3259 nobis
2065 3216 2218 3257 tollere
2253 3229 2355 3256 con-

161 3296 376 3337 fusionem
409 3300 453 3337 et
484 3296 605 3337 vobis
638 3296 824 3351 potestis
857 3309 1109 3350 comparare
1142 3291 1404 3335 mercedem.

301 3446 341 3479 11
368 3445 454 3480 Luc.
467 3445 529 3486 VI,
547 3445 601 3480 37.
619 3445 673 3479 38.
792 3444 834 3478 12
858 3443 992 3477 Matth.
1008 3442 1067 3483 VI,
1088 3442 1140 3476 14.
1260 3440 1300 3474 17
1327 3439 1460 3474 Matth.
1475 3438 1518 3480 V,
1535 3438 1589 3472 43.
1708 3439 1754 3471 20
1778 3436 1911 3471 Matth.
1930 3435 1991 3476 Vl,
2014 3435 2063 3468 12.
2181 3435 2226 3465 22
2249 3431 2356 3465 lic-cli.

162 3502 329 3544 XXVIII,
353 3504 385 3537 3.

300 3607 332 3628 v.
356 3594 398 3627 12
427 3593 603 3637 labellum]
634 3595 810 3637 Basmqqe,
846 3594 973 3627 bellum
1001 3590 1051 3633 G,
1087 3591 1241 3624 libellum
1268 3590 1424 3622 canisius
1590 3602 1621 3622 v.
1650 3589 1692 3621 18
1726 3593 1825 3621 eante
1852 3585 1885 3619 G
2049 3596 2079 3616 v.
2109 3582 2149 3615 19
2184 3583 2299 3615 uultos
2326 3580 2358 3613 G

164 3666 197 3686 v.
214 3652 259 3685 22
283 3654 409 3696 largior
427 3651 461 3685 G
597 3664 629 3684 v.
647 3651 693 3684 24
717 3649 875 3695 hymnos]
902 3651 1026 3683 finiunt
1050 3660 1171 3682 uersus
1195 3648 1277 3680 adel.
1298 3645 1331 3679 G
1462 3645 1483 3679 4
1509 3648 1552 3679 *b
1572 3644 1641 3687 G¹‚
1664 3647 1707 3678 ab
1727 3643 1782 3677 (1¹²
1870 3643 2072 3676 ammieitiae
2093 3639 2125 3673 G
2261 3638 2299 3671 11
2326 3647 2359 3672 et

164 3709 362 3754 dimittetur]
389 3711 569 3743 dimittitur
596 3707 629 3742 G
813 3708 856 3741 13
880 3709 1019 3741 dimittit
1045 3705 1078 3740 G
1257 3703 1299 3737 14
1324 3707 1440 3737 nostra
1467 3702 1500 3737 G
1688 3702 1730 3735 16
1755 3703 1876 3735 auidus
1906 3701 1951 3733 G¹
2093 3698 2299 3741 prespexerit
2327 3695 2360 3729 G

166 3768 208 3803 19
234 3774 449 3812 peccatorum
475 3780 563 3801 corr.
589 3779 609 3800 a
632 3767 869 3811 peccatoribus
898 3764 952 3799 G¹
1093 3763 1138 3797 ⁴21
1165 3764 1355 3808 inlegamur
1384 3762 1413 3795 (τ’
1551 3760 1596 3795 23
1619 3761 1670 3794 ira
1697 3757 1730 3792 G

303 3847 472 3884 Smomus.
2043 3835 2088 3870 42

2391 2040 2415 2077 [ὗ

2400 3079 2423 3113 ‹¹›

2406 337 2445 379 (ι’
