2583 4011
53 967 84 991 10

54 1312 83 1336 15

52 1658 85 1684 20

53 2005 86 2032 25

55 2353 89 2378 30

59 2699 92 2724 35

978 218 1040 251 xv
1069 221 1088 259 ς·
1119 219 1155 252 11
1186 238 1223 241 --
1255 218 1314 252 xv
1344 220 1363 259 ,ξ
1388 219 1442 251 33.
2222 217 2302 255 279

120 340 282 375 torum
327 335 545 390 peribit,
589 342 858 376 terrenorum
900 332 1132 389 cupiditate
1173 339 1215 374 01
1249 334 1454 374 honorum
1487 333 1722 372 ambitione
1767 333 1983 372 submota.
2028 332 2163 372 solum
2208 329 2301 371 rod-
2381 320 2471 366 (J'l’

119 403 287 445 dendae
318 404 496 444 rationis
531 403 695 459 pondus
730 408 771 444 ct
803 409 941 444 metus
974 402 1232 444 intolerandi
1265 402 1480 443 examinis
1507 400 1745 441 imminebit
1771 414 1844 440 1100
1868 402 2117 441 auferentur
2141 413 2305 442 50115115.

124 472 198 513 sed
231 472 285 514 ad
318 472 625 528 cogitationem
659 473 835 514 alterius
869 472 1029 513 saeculi
1063 472 1199 526 magis
1233 471 1423 526 expediti
1447 471 1700 525 alacresque
1726 470 1969 511 reddentur.
2022 470 2133 524 quod
2162 470 2375 510 autem25

119 541 172 584 de
207 542 302 597 ipsa
333 543 494 594 anima,
538 547 679 583 utrum
721 555 972 596 corporea
1008 555 1072 581 an
1112 541 1435 596 incorporea
1468 540 1521 580 sit
1552 540 1749 594 postulas
1783 539 1975 579 edoceri:
2022 539 2162 593 itaque
2196 537 2308 592 quod

121 611 387 667 temporibus
419 626 503 652 non
538 611 769 652 includitur
802 624 880 651 110(-
917 610 1104 650 {emirum
1149 609 1342 650 terminis
1386 609 1656 658 cohercctur,
1697 607 1810 663 quod
1850 608 1925 647 soli
1969 607 2048 647 (leo
2093 607 2309 661 competit,

120 681 201 722 1100
224 684 388 722 tantum
412 681 711 735 incorporeum
737 694 833 720 0550
858 693 1083 732 cog-nosce.
1137 679 1248 719 sicut
1271 692 1379 718 unus
1411 677 1634 718 doctorum
1669 677 1853 718 eximius
1888 677 2105 717 disserens
2138 674 2306 715 cuidam

125 750 383 797 sciscitanti,
417 750 488 791 ubi
520 754 634 791 05501
666 748 794 792 deus.
829 749 886 789 ita
918 749 1159 804 respondit:
1202 748 1308 789 (1005
1342 762 1425 788 11011
1459 746 1616 787 alicubi
1650 751 1735 790 cst,
1775 745 1885 801 quod
1921 745 2075 786 alieubi
2109 749 2176 785 051
2209 759 2308 784 von-

123 820 282 860 tinetur
313 820 420 871 loco,
455 820 565 875 quod
599 820 848 860 continetur
880 820 973 860 loco
1007 834 1160 875 corpus·
1194 824 1272 859 051.
1337 832 1446 873 quac
1480 831 1574 857 eum
1609 817 1662 856 ita
1697 815 1794 858 sint,
1838 815 1976 855 omnis
2010 829 2109 854 caro
2143 815 2380 868 corpus-,25

121 903 207 930 non
239 903 365 930 omne
399 903 554 944 corpus
589 894 631 930 et
663 903 760 930 caro
792 893 876 931 051,
919 895 959 929 et
993 888 1164 943 quidem
1200 902 1280 928 non
1314 887 1449 928 solum
1489 887 1652 927 anima.
1698 884 1772 925 sed
1806 885 1933 924 etiam
1966 883 2212 935 angsdorum
2249 882 2309 922 in—

126 958 304 999 visibilis
350 959 639 1013 caelestisque
691 958 958 1007 substantia,
1007 958 1117 998 sicut
1157 957 1368 998 localibus
1414 955 1565 1010 spatiis
1616 955 1872 999 continetur,
1921 953 1979 992 ita
2025 952 2186 992 auctori
2237 965 2312 990 suo

123 1041 332 1083 corporea
365 1042 462 1068 0550
496 1032 539 1068 01
581 1027 979 1082 comprehensibilis
1021 1027 1297 1081 approbatur.
1360 1025 1462 1080 quid
1504 1029 1569 1064 est
1609 1024 1722 1064 enim
1763 1023 1841 1063 nisi
1884 1035 2160 1076 corporeum,
2204 1018 2313 1073 quod
2332 1020 2381 1058 27

121 1096 174 1137 (10
207 1097 405 1152 supernis
439 1097 615 1138 sedibus
647 1096 944 1152 proturbatum
979 1097 1072 1136 1000
1107 1096 1264 1136 cessit?
1328 1095 1428 1150 quid
1462 1099 1527 1135 cst
1561 1093 1672 1148 quod
1706 1092 1840 1132 sensit
1874 1091 2064 1131 ruinam?
2119 1088 2217 1143 quid
2251 1092 2315 1127 051

123 1165 234 1221 quod
266 1171 472 1208 aeternae
506 1166 703 1207 flammae
737 1165 971 1206 obnoxium
1005 1169 1286 1220 praeparatur
1318 1163 1370 1204 ad
1402 1166 1612 1219 poenam?
1665 1161 1741 1203 5011
1765 1165 1807 1202 01
1831 1161 1920 1216 ipse
1944 1160 2099 1200 beatus
2124 1158 2313 1199 Lazarus
2331 1159 2383 1198 28

121 1239 220 1290 post
242 1236 411 1290 linguas
434 1236 733 1277 famulantium
756 1248 907 1276 canum
933 1238 1159 1288 susceptus
1184 1233 1382 1274 manibus
1406 1232 1669 1286 angelorum.
1702 1230 1754 1272 (10
1779 1244 1861 1285 quo
1886 1230 2090 1283 legimus:
2126 1228 2173 1267 fa
2185 1231 2265 1267 ctu
2278 1240 2316 1266 m

126 1307 230 1356 est,
273 1308 330 1345 ut
371 1309 664 1346 moreretur
704 1303 982 1345 mendicus
1027 1307 1078 1344 et
1117 1306 1425 1358 portaretur
1468 1302 1528 1342 ab
1562 1300 1768 1355 angelis
1802 1300 1847 1340 in
1882 1299 2028 1339 sinus
2062 1295 2316 1340 Abrahae,

124 1386 375 1428 corpoream
420 1387 517 1415 esse
559 1373 703 1414 docuit
747 1373 934 1413 animam
980 1385 1120 1417 suam,
1169 1371 1269 1412 (lum
1316 1371 1356 1411 in
1402 1371 1520 1411 sinus
1561 1369 1785 1419 Abrahae,
1834 1367 1874 1408 id
1914 1373 1981 1408 est
2026 1368 2065 1407 in
2108 1370 2317 1407 remotum

122 1442 381 1498 beatumque
437 1446 669 1494 secretum,
727 1442 935 1497 angelicis
989 1442 1171 1483 infertur
1224 1441 1460 1496 obsequiis.
1538 1441 1590 1482 (10
1637 1440 1779 1480 anima
1829 1444 1971 1480 autem
2021 1453 2099 1479 sua
2146 1440 2318 1477 sanctus
2335 1438 2386 1476 20

119 1511 333 1567 propheta
389 1512 652 1567 pronuntiat:
713 1511 841 1553 educ
904 1511 966 1552 de
1025 1525 1240 1553 carcerc
1294 1511 1524 1552 animam
1579 1523 1766 1560 meam,
1825 1508 1867 1549 id
1914 1511 1979 1548 est
2031 1506 2082 1547 (10
2142 1505 2314 1561 hospitii

122 1581 357 1636 corporalis
410 1581 638 1636 angustiis.
716 1580 812 1622 ideo
867 1580 1036 1621 factura
1091 1580 1207 1630 0105,
1269 1593 1377 1634 quae
1425 1579 1495 1620 vel
1548 1583 1823 1633 peccatorum
1872 1576 2022 1617 iaculis
2072 1575 2321 1616 vulneratur

126 1650 194 1690 vel
224 1664 362 1705 usque
395 1649 449 1692 ad
482 1649 652 1692 divinae
685 1649 884 1705 imaginis
917 1648 1048 1690 decus
1093 1663 1171 1704 per
1211 1648 1442 1703 qualitates
1482 1651 1647 1688 mutata
1683 1645 1944 1702 provehitur,
1989 1645 2151 1700 absque
2193 1643 2321 1684 dubio

125 1722 170 1760 et
202 1718 282 1760 deo
317 1723 359 1761 et
390 1720 580 1774 angelis,
613 1733 638 1760 a
671 1719 826 1774 quibus
860 1717 1170 1774 comprehendi
1203 1722 1247 1759 01
1278 1717 1504 1758 transferri
1536 1720 1697 1772 potest,
1731 1728 1939 1771 corporea
1971 1729 2066 1755 esse
2101 1712 2323 1754 evidenter

124 1787 378 1829 ostenditur.
440 1788 744 1844 requirendum
777 1792 843 1829 est
875 1791 1020 1829 autem
1053 1788 1165 1828 inter
1198 1787 1294 1838 ista,
1328 1786 1429 1842 quid
1460 1785 1565 1826 illud
1600 1786 1667 1837 sit,
1701 1785 1813 1840 quod
1847 1797 1941 1824 eum
1975 1788 2155 1837 uterque
2180 1783 2390 1832 homo,3()

123 1856 165 1897 id
198 1861 265 1899 est
298 1857 439 1898 anima
471 1861 514 1898 et
546 1871 716 1912 corpus,
749 1856 890 1898 adhue
922 1857 964 1898 in
998 1856 1189 1912 paradisi
1224 1856 1403 1912 regione
1438 1855 1610 1896 diabolo
1645 1853 1934 1911 persuadente
1958 1852 2199 1907 deliquerit,
2233 1851 2324 1891 sola

124 1942 222 1970 0010
255 1943 333 1984 per
364 1928 661 1970 condicionem
692 1929 841 1971 mortis
873 1929 1054 1970 multam
1086 1927 1443 1983 transgressionis
1485 1925 1707 1981 exceperit
1752 1927 1794 1965 et
1836 1923 1950 1964 circa
1980 1921 2107 1962 unius
2139 1933 2324 1976 poenam

129 1998 385 2039 remanserit
430 1998 556 2054 culpa
597 1998 848 2039 communis.
918 1998 1141 2040 sciendum
1187 2011 1288 2053 ergo
1332 2000 1417 2047 est,
1466 1995 1579 2051 quod
1620 1994 1717 2036 ideo
1759 2006 1874 2034 mors
1917 1991 1971 2032 ad
2015 1991 2199 2032 animam
2238 2003 2322 2030 non
2339 1990 2384 2029 31

123 2067 342 2122 pervenit,
377 2067 476 2122 quia
508 2067 551 2108 111
584 2081 680 2108 eam
713 2067 908 2108 dominus
941 2068 1174 2122 imaginem
1207 2080 1328 2108 suam
1362 2070 1404 2106 et
1437 2063 1765 2105 similitudinem
1798 2060 2044 2111 collocavit,
2086 2073 2184 2100 nam
2217 2058 2325 2099 sicut

123 2135 229 2178 deus
272 2136 547 2187 immortalis,
590 2136 851 2187 misericors,
892 2136 1053 2188 iustus,
1094 2136 1264 2192 patiens
1309 2139 1392 2185 est,
1437 2134 1496 2174 ita
1528 2133 1678 2174 harum
1712 2131 1824 2173 dona
1856 2131 2061 2171 virtutum
2094 2129 2136 2169 in
2169 2127 2323 2169 faciem

124 2206 262 2247 nostri
294 2205 508 2247 interioris
541 2205 743 2257 infundit,
775 2209 823 2247 ut
855 2210 1015 2261 quanto
1048 2206 1231 2261 quisque
1264 2204 1403 2259 magis
1435 2203 1621 2258 patiens,
1653 2201 1790 2256 magis
1813 2201 1964 2249 iustus,
1997 2198 2133 2253 magis
2155 2196 2323 2238 miscri-

127 2289 223 2317 cors
257 2275 511 2327 exsisteret,
551 2279 670 2316 tanto
701 2275 838 2329 magis
871 2275 1043 2316 divinae
1076 2274 1420 2331 participationis
1453 2286 1633 2314 munere
1666 2270 1887 2327 praeditus
1920 2271 2168 2325 appareret,
2213 2266 2325 2307 sicut

130 2345 351 2400 apostolus
375 2344 496 2385 dicit:
530 2345 582 2385 in
613 2343 925 2386 interiorem
957 2344 1229 2385 hominem
1260 2343 1501 2384 habitare
1534 2341 1803 2383 Christum
1836 2353 1932 2395 per
1962 2338 2138 2379 fidem.
2191 2336 2322 2377 inter·
2340 2335 2392 2375 32

124 2427 254 2469 rogas
295 2414 444 2465 etiam,
489 2428 564 2455 cur
603 2414 772 2455 animae
812 2428 907 2455 cum
953 2427 1081 2455 carne
1128 2427 1207 2454 sua
1245 2411 1407 2468 aliquid
1443 2425 1520 2467 pro
1560 2410 1770 2466 corporali
1815 2422 1961 2450 errore
1995 2420 2221 2449 commune
2255 2405 2320 2445 sit.

128 2483 237 2524 sicut
267 2483 474 2538 originale
507 2490 736 2539 peccatum
779 2497 855 2539 pro
899 2483 1064 2524 unitate
1104 2482 1342 2538 corporalis
1387 2480 1561 2536 hospitii
1605 2483 1835 2533 utrumque
1877 2476 2191 2533 complectitur,
2234 2473 2326 2529 pari

127 2555 311 2608 uterque
343 2552 471 2594 modo
503 2553 546 2593 in
578 2556 860 2608 peccatorum
892 2553 1099 2594 societate
1134 2551 1455 2606 constringitur,
1486 2551 1548 2591 ita
1580 2549 1642 2591 eis
1674 2549 1717 2589 in
1749 2547 1973 2589 criminum
1994 2543 2324 2601 participatione

127 2635 216 2663 una
246 2635 379 2663 001150
411 2626 492 2674 051,
526 2622 637 2663 510111
666 2622 710 2663 in
731 2623 939 2663 virtutum
972 2621 1322 2663 remuneratione
1350 2634 1427 2675 par
1449 2619 1588 2674 gloria
1611 2622 1690 2660 est.
1741 2629 1974 2671 numquam
1997 2614 2110 2656 enim
2135 2612 2326 2655 exterior
2341 2613 2393 2652 33

132 2691 177 2731 in
208 2690 430 2732 baratrum
460 2691 658 2732 luxuriae
697 2691 890 2744 caderet,
935 2690 1020 2732 nisi
1061 2691 1102 2733 ei
1134 2704 1391 2732 consensum
1423 2689 1655 2745 praeberet
1686 2685 1874 2728 interior.
1935 2699 2012 2726 nos
2044 2685 2160 2740 ipsos
2193 2683 2322 2723 inter-

131 2774 332 2816 rogemus
365 2763 409 2802 et
437 2761 550 2802 intra
580 2775 659 2802 nos
691 2762 929 2817 poterimus
971 2773 1230 2816 agnoscere,
1274 2758 1386 2815 quod
1425 2772 1547 2800 mens
1589 2757 1763 2799 domina
1804 2758 1979 2797 exercet
2019 2753 2245 2809 imperium
2284 2756 2326 2793 et

265 2899 288 2933 4
311 2898 376 2944 Ep.
404 2898 554 2933 Paulini
579 2911 633 2933 nr.
652 2897 749 2940 XIV,
775 2898 845 2942 ἓξ).
966 2898 1010 2932 14
1034 2898 1120 2933 Luc.
1139 2897 1235 2939 XVI,
1261 2897 1315 2932 22.
1436 2896 1478 2930 18
1504 2895 1561 2929 Ps.
1580 2894 1701 2935 CXLI,
1728 2894 1759 2928 8.
1877 2893 1922 2927 30
1947 2891 2079 2937 Ephes.
2100 2890 2163 2932 III,
2191 2890 2243 2924 16.
2272 2889 2323 2923 17.

129 2955 173 2990 31
199 2955 264 3001 Ep.
291 2955 442 2991 Paulini
466 2969 520 2992 nr.
538 2956 624 2991 XIV
649 2959 668 2998 ἓ
686 2957 717 2991 6.

269 3039 287 3072 1
313 3040 479 3072 1100010111
499 3038 557 3081 (P)
703 3037 725 3071 2
749 3039 896 3071 rationes
914 3037 947 3070 P
1036 3035 1160 3079 metus]
1187 3038 1300 3069 co&us
1320 3034 1353 3068 G
1444 3033 1622 3067 inminebit
1643 3034 1683 3074 G,
1708 3033 1863 3073 inminib3
1882 3032 1914 3064 P
2049 3031 2070 3065 3
2095 3029 2151 3073 ad]
2178 3043 2242 3063 om.
2264 3029 2322 3070 (P)

129 3097 318 3140 alacrisque
345 3096 402 3139 (P)
544 3095 567 3129 4
590 3097 725 3140 postula
750 3108 785 3129 se
811 3095 923 3128 doceri
951 3094 992 3136 G,
1022 3095 1161 3128 edocere
1186 3095 1219 3126 P
1355 3092 1376 3125 ἴ)
1400 3092 1592 3125 includetur
1617 3091 1650 3123 P
1785 3089 1806 3123 6
1830 3088 2019 3132 doctorum]
2050 3090 2090 3130 G,
2123 3090 2238 3121 doctor
2265 3086 2323 3128 (P)

129 3152 150 3185 8
174 3152 233 3197 ita]
260 3166 324 3187 om.
355 3155 385 3187 G
499 3166 615 3188 omnes
639 3155 673 3187 P
831 3152 852 3185 9
878 3158 911 3186 et
935 3151 1025 3195 caro]
1051 3163 1128 3185 caro
1156 3151 1213 3194 (P)
1333 3148 1482 3194 quidem]
1510 3149 1647 3192 scripsi,
1671 3149 1751 3192 quja
1775 3148 1872 3181 codd.
2038 3146 2080 3180 10
2103 3152 2239 3179 auctore
2265 3144 2323 3186 (P)

133 3210 174 3244 11
199 3224 266 3255 quo
287 3212 317 3245 G
449 3212 492 3245 1⁶2
516 3213 753 3256 perturbatum
772 3210 830 3253 (P)
965 3208 1007 3243 13
1031 3210 1183 3242 elazarus
1200 3208 1233 3240 P
1362 3207 1405 3241 15
1430 3208 1587 3240 mendica
1605 3206 1638 3239 P
1723 3204 1831 3248 sinus]
1858 3206 1899 3246 P,
1922 3207 2000 3238 sinu
2028 3205 2068 3245 G,
2093 3205 2204 3237 sinum
2230 3203 2325 3245 Vulss.

132 3268 173 3302 17
199 3271 396 3313 beatumqui
420 3270 454 3302 P
542 3273 606 3304 su’zi
631 3270 664 3302 P
801 3268 843 3301 18
867 3266 965 3311 educ]
993 3268 1126 3300 domine
1151 3266 1232 3299 add.
1262 3268 1302 3307 G,
1326 3277 1388 3298 om.
1410 3264 1468 3307 (P)
1496 3276 1571 3297 cum
1597 3264 1693 3307 Vulfs.
1787 3265 1901 3296 anima
1925 3275 1999 3295 mea
2024 3263 2056 3294 P
2189 3260 2232 3293 19
2256 3272 2326 3293 001·-

133 3329 265 3371 porales
289 3329 323 3361 P
411 3326 499 3371 ideo]
529 3328 608 3371 (P),
636 3329 728 3361 unde
752 3339 812 3371 pro
840 3326 871 3360 G
963 3323 1051 3368 eius]
1082 3325 1230 3368 corporis
1260 3324 1297 3356 in
1328 3335 1393 3365 my.
1418 3323 1517 3363 add„
1549 3323 1607 3355 sed
1632 3333 1720 3355 eras.
1751 3322 1781 3354 G
1872 3321 2014 3353 maculis
2043 3321 2072 3352 G
2210 3316 2256 3351 20
2280 3318 2326 3350 di-

132 3387 208 3419 uini
231 3386 265 3418 P
370 3387 542 3429 qualitatis
566 3387 600 3419 P
712 3386 920 3429 prouehetur
947 3382 1005 3425 (P)
1168 3381 1210 3414 21
1238 3387 1271 3414 01
1295 3378 1438 3424 angelis]
1464 3380 1595 3423 angelis
1616 3380 1646 3412 G
1760 3380 1942 3413 transferre
1959 3377 1993 3410 P
2149 3375 2193 3409 22
2218 3380 2326 3408 ost-en-

131 3445 230 3478 detur
257 3443 314 3486 (P)
478 3442 522 3478 23
552 3443 599 3488 id]
625 3456 689 3477 om.
712 3444 741 3476 G
902 3440 947 3474 24
970 3442 1182 3474 cudieionem
1206 3440 1240 3472 P
1353 3438 1638 3481 transgressiones
1663 3437 1697 3470 P
1808 3448 1899 3469 unus
1929 3436 1958 3468 G
2119 3433 2163 3467 25
2191 3434 2270 3475 quia
2297 3432 2326 3465 G

133 3499 177 3534 27
202 3503 397 3535 inmortales
425 3502 455 3535 G
553 3500 678 3545 iustus]
706 3506 738 3534 et
763 3501 844 3534 add.
874 3499 932 3542 (P)
1085 3498 1130 3531 ‘28
1154 3498 1330 3531 interiores
1355 3496 1388 3529 P
1487 3496 1613 3528 infudit
1639 3495 1697 3537 (P)
1799 3495 1907 3538 magis
1931 3490 2074 3537 patiens]
2105 3492 2144 3532 G,
2174 3502 2237 3523 om.
2266 3488 2324 3531 (P)

133 3558 178 3592 29
202 3561 353 3593 existerit
373 3560 414 3602 G,
438 3561 629 3593 exstetisset
645 3559 679 3592 P
745 3563 841 3593 tants]
860 3559 893 3592 P
959 3562 1136 3602 appareret
1159 3575 1202 3579 ——
1227 3554 1273 3589 30
1292 3553 1387 3597 dicit]
1410 3554 1450 3595 G,
1474 3554 1643 3597 apparerit
1660 3553 1694 3585 P
1803 3550 1848 3584 30
1871 3553 1906 3583 in
1930 3551 2122 3583 interiorem
2139 3545 2321 3589 hominem]

133 3618 170 3650 in
201 3619 360 3651 interiore
397 3618 533 3650 homine
568 3616 719 3659 (homine
748 3618 789 3659 G&
818 3617 890 3659 GP,
925 3617 1053 3649 virtute
1086 3613 1295 3648 corroborari
1331 3623 1390 3655 per
1425 3612 1582 3654 spiritum
1619 3611 1693 3643 eius
1730 3611 1766 3642 in
1801 3609 1993 3642 interiorem
2029 3607 2199 3639 hominem
2230 3604 2325 3646 Vuly.

134 3675 177 3709 31
204 3676 377 3719 corporale
398 3675 429 3708 G
565 3674 609 3708 32
634 3676 825 3719 corporales
841 3675 874 3707 P
965 3674 1198 3716 conplectetur
1215 3671 1248 3703 P
1330 3670 1401 3713 pari
1425 3667 1582 3711 uterque]
1601 3668 1732 3711 scripsi,
1756 3668 1828 3711 pari
1852 3666 1965 3699 uterui
1988 3665 2027 3705 G,
2052 3676 2111 3708 par
2136 3669 2279 3705 uterque
2296 3660 2329 3693 P

137 3731 182 3766 33
203 3731 253 3777 in]
282 3745 308 3767 8.
327 3734 349 3766 l.
371 3734 423 3766 G1
517 3735 768 3778 constringetur
791 3733 824 3766 P
914 3730 974 3775 eis]
1006 3732 1046 3772 G,
1070 3732 1161 3764 enim
1187 3729 1246 3772 (ID
1387 3725 1432 3760 34
1455 3739 1525 3760 una
1548 3744 1591 3749 —
1617 3722 1901 3766 remuneratione]
1928 3734 1989 3755 om.
2013 3722 2042 3754 G
2133 3722 2281 3764 gloriosa
2295 3719 2329 3752 P

136 3789 182 3824 35
205 3793 237 3826 01
253 3790 469 3836 consensum]
488 3796 545 3825 eni
562 3803 699 3825 sensum
720 3791 750 3825 G
818 3788 1008 3835 praeberet]
1026 3800 1064 3822 ae
1075 3789 1181 3832 periit
1196 3789 1233 3820 in
1251 3788 1281 3820 G
1356 3783 1507 3828 interior]
1526 3796 1589 3817 om.
1611 3784 1641 3817 G
1768 3781 1812 3815 36
1838 3779 1882 3824 et]
1910 3785 1948 3813 ut
1969 3780 1998 3813 G
2077 3779 2247 3812 dominica
2266 3776 2323 3820 (P)
