2583 4011
104 1192 136 1217 10

109 1534 140 1559 15

102 1877 136 1903 20

1019 178 1157 215 LIBER
1187 179 1530 226 1,7§9-9§1.
2325 192 2373 231 13

174 299 438 342 seminecem
461 310 721 354 quamquam
753 296 987 353 publicatis
1020 297 1146 338 bonis
1169 297 1237 338 vel
1271 298 1404 339 exilio
1429 305 1691 341 muneretur.
1754 301 1824 341 illo
1858 307 2015 347 tamen.
2050 318 2125 345 seu
2150 310 2376 361 exspectat

176 374 374 411 extrema
405 381 603 423 quaeque
637 381 714 408 seu
749 367 956 417 sustinet,
1007 366 1222 407 infelicius
1263 367 1367 408 nihil
1412 374 1499 420 est,
1549 370 1582 409 si
1624 374 1720 424 post
1760 375 1823 410 tot
1863 378 1985 412 notas
2028 375 2191 414 inustas
2226 380 2375 415 vontu-

172 438 411 492 meliasque
444 436 607 491 aliquid
640 449 752 476 nunc
784 435 969 491 amplius
1003 448 1130 489 quam
1164 435 1308 476 vivere
1343 436 1477 477 timet.
1541 438 1650 479 valo,

1220 627 1345 669 VIII.

691 730 972 773 SIDONIUS
1008 730 1390 772 OAND‘IDIANO
1425 730 1540 772 SUO
1575 732 1870 774 SALUTEM.

310 812 506 873 Momm
539 845 607 872 me
641 829 808 871 Romae
843 829 1184 884 congratularis:
1224 828 1267 870 id
1299 833 1444 870 tamen
1477 830 1600 884 quasi
1634 830 1774 871 facete
1807 836 1849 870 ct
1882 831 2182 883 fatigationum
2218 832 2379 872 salibus

173 901 394 943 admixtis:
435 901 498 941 ais
531 900 644 941 enim
677 898 869 954 gaudere
902 903 964 945 te,
1005 897 1119 953 quod
1154 898 1386 953 aliquando
1419 899 1693 939 necessarius
1727 905 1826 940 tuus
1860 899 2029 941 videam
2063 901 2222 951 solem,
2256 915 2380 955 quom

171 971 320 1025 utique
352 968 565 1026 perr(aro>
590 968 759 1022 Arari<s
793 966 935 1024 potor>
970 967 1252 1023 inspexerim.
1314 967 1500 1008 nebulas
1534 982 1636 1022 ergo
1670 968 1773 1009 mihi
1807 983 1999 1009 meorum
2023 969 2379 1023 Lugdunensium

174 1038 414 1095 exprobras
453 1042 497 1080 et
528 1037 643 1079 diem
677 1036 872 1092 quereris
905 1036 1030 1077 nobis
1064 1036 1277 1077 matutina
1310 1037 1497 1091 caligine
1531 1037 1799 1078 obstructum
1834 1038 1904 1078 vix
1939 1038 2179 1079 meridiano
2213 1038 2381 1079 fervore

174 1108 374 1150 reserari.
445 1112 489 1149 et
532 1111 578 1148 tu
621 1107 757 1147 istaec
798 1106 901 1147 mihi
935 1105 1194 1148 Caesenatis
1235 1106 1349 1147 furni
1389 1107 1534 1162 potius
1567 1122 1693 1162 quam
1737 1107 1883 1162 oppidi
1926 1121 2057 1148 verna
2100 1107 2377 1148 doblanfrasz‘

172 1176 226 1219 de
260 1177 383 1219 cuius
414 1176 572 1217 natalis
603 1175 683 1216 tibi
715 1175 795 1216 soli
827 1175 897 1216 vel
930 1175 1199 1217 iucunditate
1234 1176 1302 1216 vel
1349 1176 1575 1217 commodo
1610 1176 1710 1231 quid
1744 1177 1873 1217 etiam
1907 1176 1999 1232 ipsc
2035 1178 2240 1223 sentires,
2284 1177 2382 1218 dum

172 1247 357 1302 migras,
395 1245 663 1287 indicavisti:
708 1245 769 1285 ita
799 1249 968 1289 tamen,
1010 1244 1122 1300 quod
1157 1249 1200 1286 tc
1232 1244 1470 1286 Ravennae
1504 1246 1676 1286 felicius
1710 1246 1962 1287 exulantem
2000 1247 2175 1287 auribus
2208 1247 2384 1287 Padano

173 1315 310 1356 culice
334 1314 544 1371 perfossis
567 1313 894 1370 municipalium
927 1328 1129 1355 ranarum
1162 1314 1323 1369 loquax
1355 1315 1482 1355 turba
1515 1315 1782 1358 circumsilit.
1837 1316 1879 1356 in
1913 1330 1996 1371 qua
2028 1316 2184 1372 palude
2220 1316 2380 1357 indesi-

173 1387 329 1425 nenter
371 1398 516 1426 rerum
550 1383 741 1425 omnium
786 1384 884 1438 lege
924 1397 1132 1439 perversa
1163 1384 1275 1424 muri
1317 1383 1477 1425 eadunt
1519 1398 1656 1439 aquae
1700 1388 1839 1436 stant,
1886 1389 2026 1425 turres
2074 1386 2212 1425 fluunt
2252 1400 2384 1426 navos

174 1453 342 1506 sedent,
376 1453 498 1508 aegri
529 1452 814 1494 deambulant
845 1452 1002 1494 medici
1024 1453 1182 1504 iacent,
1215 1453 1364 1508 algent
1387 1453 1545 1495 balnea
1567 1453 1788 1494 domicilia
1811 1454 2090 1509 conflagrant,
2126 1455 2273 1495 sitiunt
2297 1454 2378 1495 vivi

178 1527 331 1565 natant
369 1523 554 1579 sepulti,
592 1522 776 1578 vigilant
815 1522 932 1564 fures
974 1522 1193 1564 dormiunt
1233 1527 1496 1578 potestates,
1539 1523 1820 1564 faenerantur
1858 1524 2002 1564 elerici
2043 1524 2140 1579 Syri
2178 1524 2379 1579 psallunt,

171 1593 471 1649 negotiatores
503 1592 693 1633 militant
734 1592 936 1633 monaehi
980 1592 1279 1647 negotiantur,
1325 1592 1500 1634 student
1540 1593 1655 1649 pilae
1690 1607 1818 1634 senes
1850 1593 1973 1633 aleae
2007 1593 2205 1639 iuvenes,
2253 1593 2382 1633 armis

173 1662 366 1704 eunuchi
399 1661 558 1703 litteris
591 1661 818 1703 foederati.
878 1666 925 1702 tu
957 1661 1077 1713 vide,
1111 1662 1251 1717 qualis
1285 1661 1340 1703 sit
1373 1663 1553 1713 civitas,
1585 1661 1659 1702 ubi
1692 1661 1769 1702 tibi
1802 1660 1890 1702 Lar
1920 1661 2144 1702 familiaris
2177 1662 2388 1709 incolitur,
2434 1665 2442 1698 2

172 1744 282 1786 quae
328 1730 499 1772 facilius
548 1731 814 1772 territorium
860 1730 1002 1786 potuit
1047 1731 1208 1772 habere
1257 1746 1385 1786 quam
1425 1736 1599 1773 terram.
1679 1731 1882 1787 quocirca
1928 1737 2145 1772 memento
2194 1731 2383 1771 innoxiis

172 1799 473 1856 Transalpinis
507 1814 604 1842 esse
637 1799 918 1857 parcendum,
952 1800 1109 1856 quibus
1143 1801 1254 1842 caeli
1288 1801 1354 1842 sui
1386 1801 1486 1843 dote
1520 1801 1736 1843 contentis
1769 1814 1854 1841 non
1879 1799 2055 1855 grandis
2085 1800 2224 1854 gloria
2245 1799 2383 1851 (latur,

173 1869 209 1910 si
240 1868 506 1911 deteriorum
540 1869 772 1911 collatione
806 1870 1060 1912 clarescant.
1122 1871 1234 1913 vale.

1283 2066 1362 2108 IX.

776 2169 1060 2211 SIDONIUS
1093 2169 1367 2211 HERONIO
1403 2169 1517 2212 SUO
1552 2169 1850 2212 SALUTEM.

382 2248 517 2310 Pos'r
550 2267 726 2324 nuptias
755 2268 927 2324 patricii
958 2268 1189 2310 Ricimeris
1223 2268 1266 2309 id
1298 2272 1365 2310 est
1395 2273 1496 2324 post
1528 2269 1700 2324 imperii
1732 2268 1956 2322 utriusque
1989 2280 2094 2322 opes
2127 2266 2384 2307 eventilatas

173 2336 350 2379 tandem
382 2337 572 2379 reditum
604 2341 672 2379 est
702 2337 746 2378 in
778 2337 999 2393 publicam
1032 2338 1296 2389 serietatem,
1330 2352 1440 2394 quae
1474 2339 1604 2379 rebus
1628 2337 1861 2379 actitandis
1894 2337 2064 2377 ianuam
2099 2349 2385 2390 campumque

173 2406 396 2462 patefecit.
472 2407 642 2449 interea
686 2421 767 2448 nos
807 2406 934 2448 Pauli
972 2407 1251 2463 praefectorii
1289 2412 1378 2448 tani
1418 2407 1615 2448 doctrina
1661 2421 1789 2463 quam
1844 2405 2078 2447 sanctitate
2124 2403 2386 2445 venerandis

312 2591 331 2624 1
358 2603 553 2635 quanquam
582 2592 615 2625 L
731 2562 791 2625 illd
816 2592 861 2625 M
868 2591 890 2634 ¹,
922 2591 980 2625 ille
1005 2591 1039 2624 P
1152 2597 1308 2636 expectat
1332 2591 1377 2624 Μ
1381 2591 1431 2623 Τ(
1432 2591 1505 2623 vvFP
1687 2588 1709 2623 2
1734 2595 1884 2624 extrema
1916 2601 1940 2622 3.
1969 2590 1991 2622 l.
2026 2589 2108 2621 add.
2133 2588 2166 2621 P
2175 2589 2196 2630 ¹,
2230 2595 2336 2621 trema
2360 2588 2390 2620 L

173 2684 240 2716 que
256 2690 270 2705 ι
285 2684 353 2716 que
376 2684 465 2706 corr.
489 2684 530 2706 em
555 2684 726 2716 quemque
755 2673 801 2706 62
896 2685 958 2707 seu
983 2679 1060 2706 ame
1085 2674 1232 2707 sustinet
1255 2685 1319 2706 om.
1345 2673 1377 2705 L
1471 2673 1577 2705 nichil
1591 2671 1699 2705 MCF
1787 2676 1837 2704 tot
1860 2682 1922 2703 om.
1956 2669 1988 2701 T
2121 2667 2142 2701 3
2168 2670 2244 2702 vale
2269 2681 2332 2701 om.
2367 2669 2397 2700 Τ

172 2750 195 2785 4
218 2754 297 2796 Syd.
324 2753 362 2786 F
450 2754 674 2787 CANDIDIO
701 2753 731 2788 Ο
868 2753 890 2786 5
914 2755 995 2797 quia
1019 2755 1047 2788 si
1072 2754 1104 2786 L
1245 2753 1266 2787 6
1291 2754 1442 2787 admistis
1460 2753 1499 2796 P,
1525 2754 1697 2786 ammixtis
1723 2752 1765 2794 L,
1791 2752 1929 2784 amixtis
1954 2751 1995 2783 M
2002 2750 2034 2782 T
2166 2751 2215 2783 ait
2240 2761 2326 2782 corr.
2352 2749 2388 2781 in

173 2839 226 2867 ast
242 2834 296 2866 F²
438 2832 458 2866 7
483 2846 619 2878 perraro
644 2835 760 2868 Araris
784 2840 881 2878 potor
906 2835 1112 2878 inspexerim
1138 2835 1269 2877 scripsi,
1293 2846 1427 2878 perrara
1453 2835 1489 2867 bi
1516 2833 1616 2876 (spat.
1637 2837 1657 2865 6
1677 2834 1734 2866 litt.
1761 2832 1847 2874 rac.)
1875 2831 2080 2875 inspexerim
2102 2830 2143 2871 L,
2168 2842 2242 2863 raro
2267 2830 2392 2862 bibitor

173 2916 325 2948 ataricus
349 2916 554 2959 inspexerim
575 2915 615 2948 M
624 2915 748 2948 TC'FP
850 2927 931 2959 ergo
959 2915 994 2958 G,
1021 2916 1111 2949 enim
1128 2914 1305 2947 LMTFP
1406 2915 1510 2947 michi
1530 2914 1565 2955 C,
1589 2925 1614 2946 3.
1641 2915 1662 2946 l.
1689 2913 1771 2945 add.
1804 2913 1852 2944 Τ2
2015 2910 2036 2943 9
2058 2916 2133 2953 post
2157 2915 2196 2943 tu
2220 2921 2245 2941 3.
2274 2910 2296 2942 Z.
2328 2909 2389 2942 hcc

174 2996 257 3029 add.
289 2996 338 3028 T²
437 2997 503 3029 ista.
527 3007 566 3029 ec
596 2996 680 3028 mihi
703 2996 752 3039 L,
798 2997 863 3030 ista
886 2997 950 3039 hec
975 2997 1058 3029 mihi
1087 2994 1136 3028 M
1161 3002 1191 3029 et
1213 3001 1356 3039 praeter
1381 2996 1391 3027 i
1416 3001 1446 3028 et
1469 2995 1553 3028 mihi
1585 2995 1622 3027 in
1651 3005 1722 3027 ras.
1748 2993 1812 3035 1³¹,
1855 2993 1939 3025 haee
1969 2993 2033 3025 ista
2062 2991 2144 3023 mihi
2169 2989 2211 3031 F,
2242 2990 2306 3021 boc
2330 2990 2393 3021 ista

174 3077 256 3109 mihi
285 3076 327 3119 Ο,
360 3077 444 3110 mihi
475 3088 554 3110 ecce
582 3078 649 3111 ista
678 3077 711 3109 T
844 3078 962 3121 pocius
990 3078 1019 3111 C
1153 3077 1356 3110 deblatteras
1384 3076 1457 3115 CT,
1489 3076 1699 3109 deblacteras
1729 3073 1762 3117 (c
1788 3075 1824 3106 in
1855 3085 1922 3106 ras.
1953 3073 2019 3115 1²²)
2045 3072 2089 3113 P,
2128 3071 2333 3141 dpblgtreras
2359 3068 2397 3101 Jv'

175 3155 220 3190 10
243 3158 306 3191 tibi
330 3158 452 3191 natalis
483 3157 516 3189 T
602 3158 811 3191 iocunditate
836 3158 882 3190 M
885 3158 917 3189 T
915 3158 990 3193 CF,
1015 3158 1198 3191 iocfiditate
1224 3156 1258 3189 P
1418 3155 1460 3189 11
1487 3157 1641 3189 indicasti
1667 3156 1716 3197 F,
1740 3155 1932 3188 iudicavisti
1956 3153 2028 3185 LT
2024 3152 2069 3195 P,
2096 3151 2287 3185 iudicavisti
2313 3150 2354 3182 M
2366 3151 2390 3191 ²,

174 3238 334 3272 iudicasti
360 3238 391 3273 Ο
539 3237 582 3271 12
608 3239 707 3272 fossis
726 3265 733 3273 .
752 3264 760 3271 .
780 3263 788 3272 .
807 3263 814 3271 .
840 3237 885 3271 14
901 3239 1018 3282 algent
1035 3244 1178 3282 praeter
1203 3250 1225 3270 x
1249 3244 1306 3271 tur
1321 3261 1423 3271 .....
1440 3238 1591 3270 sinenter
1605 3262 1706 3269 .....
1732 3236 1857 3269 cadunt
1881 3245 1968 3278 aque
1995 3259 2002 3266 .
2021 3259 2027 3266 .
2047 3258 2055 3266 .
2081 3234 2152 3276 egri
2176 3232 2393 3264 deambulant

176 3344 184 3352 .
204 3344 213 3352 .
229 3344 237 3352 .
251 3344 259 3352 .
283 3324 367 3363 gent
390 3319 461 3362 def.
484 3319 522 3352 in
545 3318 584 3351 F
672 3320 856 3353 rhanarum
880 3320 928 3360 L,
966 3320 1138 3353 ranarium
1167 3319 1196 3351 C
1282 3318 1411 3360 loquax
1435 3329 1498 3349 om.
1532 3316 1564 3348 T
1707 3313 1750 3347 13
1773 3320 1884 3348 turres
1916 3313 1948 3345 Τ
1946 3313 1975 3345 Ο
1994 3319 2024 3345 et
2047 3324 2073 3345 3.
2101 3313 2122 3344 l.
2148 3311 2230 3343 add.
2256 3311 2300 3343 M
2307 3310 2390 3352 ¹1³¹,

175 3405 311 3434 ventres
322 3399 437 3432 LMP
524 3401 639 3433 fluunt
662 3411 752 3434 corr.
776 3412 818 3433 ex
842 3402 951 3434 fluant
966 3401 1012 3434 0¹
1156 3398 1200 3432 14
1223 3399 1317 3442 aegri
1339 3399 1558 3431 deambulant
1576 3408 1638 3430 om.
1658 3396 1689 3428 L
1782 3396 1993 3438 conflagrant
2009 3393 2078 3436 cles.
2097 3393 2132 3424 in
2146 3391 2184 3424 F
2274 3392 2393 3423 sitiunt

175 3481 247 3514 vivi
271 3493 335 3513 om.
359 3480 393 3513 L
484 3481 611 3514 siciunt
634 3479 673 3512 F
819 3479 864 3513 15
887 3492 928 3514 επ
952 3481 1077 3524 sepulti
1102 3480 1248 3523 vigilant
1272 3479 1342 3522 def.
1367 3479 1393 3511 ti
1417 3479 1453 3510 vi
1476 3478 1513 3510 in
1538 3477 1576 3509 F
1665 3477 1723 3510 siri
1748 3476 1792 3508 ill
1793 3475 1857 3508 CF
1998 3473 2042 3507 16
2066 3473 2297 3516 negociatores
2322 3470 2393 3503 MC

177 3563 334 3596 monachi
358 3562 441 3604 LT,
472 3563 597 3596 milites
624 3561 689 3595 CF
707 3566 744 3609 et·
761 3561 798 3593 in
820 3573 892 3594 ras.
916 3562 963 3594 M
966 3562 977 3581 ¹
1009 3563 1149 3603 itemque
1172 3565 1314 3602 praeter
1339 3571 1372 3591 m
1398 3558 1449 3591 Pl
1554 3559 1777 3601 negociantur
1802 3556 1875 3589 MC
2035 3553 2077 3587 17
2102 3554 2221 3586 litteris
2253 3552 2392 3593 federati

736 3613 747 3631 1

171 3648 313 3685 praeter
336 3643 377 3676 lit
402 3643 440 3675 in
463 3653 534 3676 ras.
560 3642 606 3674 M
610 3641 621 3661 ¹
728 3646 770 3695 ut
793 3653 881 3675 corr.
907 3653 947 3674 eac
976 3647 1016 3675 ut
1040 3642 1071 3674 B
1084 3642 1097 3661 ²
1261 3638 1305 3672 19
1330 3651 1392 3672 suo
1417 3638 1449 3670 L
1610 3636 1657 3671 20
1680 3638 1757 3670 vale
1782 3648 1847 3670 om.
1872 3635 1951 3668 MF
2095 3631 2139 3664 21
2164 3633 2333 3675 Sydonius
2358 3630 2395 3662 F

177 3724 418 3758 HEtRONIO
442 3723 483 3766 (F
509 3727 569 3754 aut
584 3723 615 3754 Y
632 3734 710 3755 eras
735 3721 805 3765 P2)
822 3722 862 3764 P,
887 3723 1026 3756 herenio
1042 3721 1114 3754 LT
1208 3718 1253 3752 22
1277 3720 1414 3752 nubtias
1429 3718 1459 3750 L
1553 3716 1598 3750 23
1623 3719 1726 3750 ianua
1751 3729 1777 3749 3.
1803 3718 1825 3748 l.
1852 3716 1932 3748 aad.
1955 3715 1986 3746 T
1991 3715 2000 3733 ¹
2095 3711 2139 3745 24
2163 3710 2398 3744 venerandiF

2413 1110 2435 1138 ⁵)
