2583 4011
126 1212 156 1238 10

127 1562 156 1586 15

127 1908 160 1933 :20

130 2256 162 2281 25

1024 200 1160 233 [ansa
1193 201 1253 241 ιιι,
1285 201 1440 240 1321-
1468 202 1570 241 ssi.
2352 211 2394 246 -11

190 317 303 374 quod
336 320 484 367 restat,
517 315 645 357 deum
678 330 918 371 precamur,
952 320 997 356 ut
1028 316 1124 357 aevi
1160 316 1286 356 metis
1320 315 1556 356 secundum
1580 322 1678 356 vota
1710 319 1915 372 promotis
1953 319 2159 361 bonorum
2185 321 2397 361 amicitias

191 386 445 428 indefessim
479 390 662 440 expetas
695 385 841 441 capias
874 385 1038 426 referas
1073 388 1364 439 sequaturque
1399 389 1439 424 te
1474 385 1669 432 affectio,
1704 400 1828 439 qnam
1866 387 2094 441 relinquis.
2137 395 2178 429 et
2214 391 2404 430 initiatae

189 470 269 511 per
290 460 332 497 te
356 455 615 509 ubicumque
639 455 805 510 gratiae
829 456 1007 509 longum
1031 455 1110 496 tibi
1133 453 1446 496 redhibeantur
1469 468 1597 508 quam
1625 454 1905 495 fundamenta
1933 462 2017 495 tam
2051 458 2250 499 «nimina.
2298 460 2405 500 vale.

1261 648 1342 690 ΙΙΙ.

782 752 1066 795 SIDONIUS
1099 751 1347 795 ECDICIO
1384 751 1497 793 SUO
1534 751 1830 792 SALVTEM.

339 831 396 894 Si
429 852 615 908 quando,
648 867 762 894 nunc
795 867 998 894 maxume
1023 852 1234 894 Arvernis
1270 851 1379 893 meis
1413 849 1691 899 desideraris,
1727 851 1883 905 quibus
1919 850 2096 892 dileetio
2133 852 2193 891 tui
2229 852 2411 892 immam·

193 922 452 969 dominatur,
486 926 529 964 ct
561 921 737 978 quidem
769 923 1084 978 multiplicibus
1119 936 1175 963 ex
1209 920 1374 963 causis:
1410 920 1594 976 primum
1627 919 1740 975 quod
1775 934 1965 960 summas
1999 921 2041 960 in
2076 920 2233 961 affectu
2267 926 2413 975 partes

192 993 285 1034 iure
320 992 402 1034 sibi
434 996 616 1048 usurpat
648 996 764 1034 terra
796 1006 907 1048 quae
940 992 1113 1047 genuit:
1155 991 1254 1032 (lein
1287 989 1400 1046 quod
1436 989 1611 1029 saeculo
1646 994 1719 1029 tuo
1754 989 1872 1029 solus
1906 989 2042 1030 ferme
2076 989 2322 1029 mortalium
2353 1006 2413 1033 es,

193 1061 266 1117 qui
306 1061 473 1118 patriae
515 1076 599 1103 non
642 1063 785 1103 minus
829 1062 1038 1104 desiderii
1077 1061 1324 1102 nasciturus
1365 1073 1492 1114 quam
1534 1058 1681 1113 gaudii
1728 1062 1854 1099 natus
1896 1058 2077 1100 feceris:
2125 1059 2414 1113 astipulantur

193 1132 374 1173 assertis
408 1132 594 1174 materni
619 1132 837 1188 quondam
871 1132 1091 1189 puerperii
1125 1137 1340 1187 tempora„
1374 1144 1484 1185 quae
1518 1130 1773 1185 protivimitc
1807 1133 2023 1183 conceptu
2049 1127 2414 1168 concordantibus

194 1201 351 1243 civium
392 1201 503 1243 votis
546 1202 902 1244 numerabantur.
973 1202 1123 1243 omitto
1163 1202 1238 1242 illa
1279 1199 1523 1242 communia
1563 1199 1737 1254 quidem
1781 1198 1856 1239 sed
1899 1212 2008 1252 quae
2056 1211 2140 1237 non
2184 1197 2415 1238 modim-ria

195 1270 389 1312 caritatis
423 1271 707 1313 incitamenta
740 1276 862 1321 sunt,
896 1271 1021 1312 istius
1055 1271 1133 1312 tibi
1168 1274 1360 1326 reptatas
1396 1268 1601 1324 caespitis
1636 1268 1830 1323 glaebas,
1894 1272 2126 1322 praetereo
2161 1266 2273 1322 quod
2311 1267 2416 1307 baec

193 1340 380 1397 primum
422 1341 619 1396 gramina
656 1341 851 1386 incessui
894 1341 1073 1382 flumina
1110 1344 1282 1387 natatu„
1331 1344 1489 1380 venatu
1530 1353 1709 1379 nemora
1753 1338 1936 1393 fregisti.
2009 1337 2163 1377 omitto
2197 1337 2310 1391 quod
2351 1337 2417 1377 bic

193 1410 381 1466 primum
414 1410 493 1451 tibi
526 1411 614 1467 pila
645 1425 822 1467 pyrgus,
855 1411 1063 1466 accipiter
1091 1411 1224 1457 canis,
1259 1424 1396 1465 equus
1421 1424 1546 1450 arcus
1571 1408 1671 1449 ludo
1696 1408 1833 1449 fuere.
1888 1407 2011 1448 mitto
2036 1407 2131 1446 istie
2157 1406 2210 1447 eb
2235 1406 2416 1460 gratiam

195 1480 408 1536 pueritiae
442 1484 542 1522 tuae
576 1480 767 1536 undique
800 1481 997 1536 gentium
1025 1481 1291 1521 confluxisse
1317 1479 1459 1520 studia
1481 1479 1723 1520 litterarum
1748 1483 1936 1532 tuaeque
1960 1491 2175 1532 personae
2202 1475 2417 1531 quondam

194 1550 403 1602 debitum,
438 1549 552 1605 quod
576 1551 790 1592 sermonis
815 1550 972 1592 Celtici
1006 1564 1230 1606 squamam
1264 1549 1519 1605 depositura
1552 1548 1757 1589 nobilitas
1790 1562 1901 1588 nuns-
1936 1545 2125 1587 oratorio
2160 1544 2272 1586 stilo.
2306 1559 2418 1585 nnn(-

195 1619 325 1661 ctiam
358 1619 667 1662 Camenalibus
699 1620 840 1662 modis
872 1620 1166 1663 imbuebatur.
1238 1619 1344 1660 illud
1387 1620 1429 1660 in
1472 1624 1514 1660 te
1547 1619 1751 1660 affectum
1786 1616 2089 1673 principaliter
2120 1615 2419 1655 universitatis

196 1689 411 1737 accendit,
445 1690 558 1746 quod
591 1705 698 1746 quos
734 1691 837 1732 olim
869 1691 1052 1732 Latinos
1084 1690 1177 1732 fieri
1212 1703 1428 1744 exegeras
1462 1688 1674 1729 barbaros
1709 1687 1915 1742 deinceps
1949 1700 2047 1727 esse
2082 1685 2272 1726 vetuisti.
2336 1699 2419 1724 non

197 1760 311 1801 enim
342 1764 489 1815 potest
521 1774 725 1816 umquam
759 1761 908 1802 civicis
942 1760 1195 1816 pectoribus
1230 1759 1359 1804 elabi.
1394 1773 1523 1814 quem
1557 1762 1598 1799 te
1633 1761 1929 1812 (plantumque
1964 1770 2102 1811 nuper
2133 1754 2273 1795 omnis
2297 1758 2419 1794 actas

197 1829 301 1871 ordo
335 1844 469 1871 sexus
504 1844 527 1872 e
561 1831 781 1872 semirutis
816 1845 1038 1872 murorum
1071 1829 1308 1886 aggeribus
1343 1827 1722 1883 conspicabantim
1757 1841 1853 1868 cum
1886 1825 2127 1866 interiectis
2158 1824 2420 1878 aequoribus

197 1900 241 1941 in
281 1898 515 1942 adversum
557 1901 871 1957 perambulatis
914 1906 958 1944 et
1000 1902 1075 1942 vix
1114 1900 1414 1955 duodeviginti
1463 1899 1657 1954 equitum
1700 1896 1932 1938 sodalitate
1983 1895 2212 1936 comitatus
2258 1894 2421 1948 aliquot

195 1969 317 2010 milia
349 1968 592 2011 Gothorum
625 1985 711 2012 non
743 1972 885 2012 minus
919 1971 987 2013 dic
1021 1985 1150 2026 quam
1184 1984 1337 2026 eampo
1372 1968 1528 2016 medioq
1564 1967 1678 2023 quod
1711 1966 1889 2007 difficile
1925 1965 1979 2006 sit
2011 1964 2245 2020 posteritas
2280 1962 2418 2003 credi-

196 2042 316 2085 tura„
349 2039 558 2082 transisti.
621 2040 674 2082 ad
707 2041 894 2082 nominis
928 2041 989 2082 tui
1023 2054 1240 2082 rumorem
1272 2052 1576 2096 personaeque
1611 2040 1893 2093 conspectum
1929 2034 2171 2076 exereitum
2204 2032 2418 2073 exercita—

197 2108 416 2150 tissimum
449 2113 602 2166 stupor
633 2111 776 2152 obruit
808 2111 880 2159 ita,
912 2116 960 2152 ut
991 2124 1096 2166 prae
1129 2109 1415 2151 admiratione
1448 2108 1669 2149 nescirent
1702 2106 1833 2147 duces
1868 2104 2004 2161 partis
2038 2103 2253 2144 inimicae.
2287 2116 2413 2157 quam

199 2192 244 2219 se
276 2178 400 2220 multi
434 2193 649 2235 quamque
683 2185 727 2222 te
760 2181 887 2237 pauci
921 2180 1246 2222 comitarentur.
1319 2178 1535 2220 subducta
1576 2180 1643 2218 est
1682 2180 1773 2216 tota
1813 2174 2010 2230 protinus
2044 2172 2160 2213 acies
2194 2172 2234 2212 in
2270 2185 2420 2226 super-

202 2247 348 2289 cilium
383 2249 507 2290 collis
541 2249 733 2306 abruptiq
778 2265 888 2306 quae
931 2265 1027 2291 cum
1066 2250 1188 2306 prius
1227 2249 1445 2305 applicata
1478 2253 1596 2289 esset
1641 2244 1977 2301 oppugnationi,
2020 2248 2061 2284 te
2104 2242 2196 2282 viso
2239 2255 2322 2281 non
2357 2245 2423 2282 est

200 2317 421 2373 explicata
460 2321 731 2375 congressui.
809 2320 977 2361 interea
1016 2324 1061 2361 tu
1102 2319 1241 2361 caesis
1285 2318 1527 2374 quibusque
1567 2315 1765 2372 optimisq
1808 2328 1915 2369 quos
1959 2311 2219 2354 novissimos
2261 2309 2423 2365 agmini

201 2401 287 2428 non
318 2387 493 2443 ignavia
525 2388 601 2430 sed
634 2389 817 2431 audacia
849 2390 1033 2438 fecerat„
1079 2389 1209 2430 nullis
1255 2393 1427 2430 tuorum
1470 2386 1706 2428 certamine
1750 2399 1805 2426 ex
1847 2386 1966 2424 tanto
2009 2380 2272 2422 desideratis
2306 2379 2422 2419 solus

202 2457 382 2513 planitie
416 2472 544 2514 quam
577 2461 883 2516 patentissima
915 2459 1156 2516 potiebare,
1192 2473 1289 2501 cum
1321 2458 1400 2499 tibi
1434 2471 1518 2498 non
1553 2455 1675 2497 daret
1708 2458 1770 2510 tot
1803 2467 1949 2509 pugna
1982 2451 2144 2502 socios,
2178 2454 2281 2505 quot
2314 2449 2424 2489 solet

343 2631 362 2665 1
388 2630 506 2666 secdm
531 2633 564 2676 (e
589 2645 678 2667 eras.
705 2634 770 2677 P‘-’)
796 2635 829 2667 P
919 2639 1002 2668 voti-1
1024 2635 1055 2666 Τ
1143 2633 1314 2666 amicicias
1330 2630 1396 2664 CF
1531 2631 1552 2663 2
1577 2624 1748 2663 indefessi'
1775 2627 1818 2669 F,
1844 2627 2091 2660 indefessisimc
2123 2625 2153 2657 Τ
2247 2629 2425 2666 aequatur-

204 2723 271 2755 que
295 2712 327 2745 L
426 2714 565 2747 affeccio
593 2714 623 2747 C'
721 2716 879 2748 iniciatae
904 2715 977 2748 MC
1132 2712 1154 2746 3
1179 2714 1398 2747 redibeantur
1422 2712 1462 2744 ill
1471 2710 1595 2744 TCFP
1687 2710 1763 2742 vale
1788 2721 1851 2742 om.
1879 2708 1916 2741 Γ
2063 2705 2084 2739 4
2111 2706 2330 2738 HECDICIO
2363 2704 2427 2744 Tc,

203 2794 357 2835 heodicio
374 2794 425 2835 M,
450 2795 513 2827 hec
530 2795 632 2828 dictio
650 2795 694 2837 F,
719 2796 886 2837 hecdictio
904 2795 937 2828 P
1005 2796 1149 2828 salutem
1167 2806 1231 2827 om.
1250 2793 1288 2825 F
1400 2791 1422 2823 ἴ)
1439 2791 1585 2823 maxime
1602 2790 1643 2822 M
1651 2789 1775 2823 TGFP
1843 2788 2038 2821 desideratis
2066 2788 2093 2827 (t
2119 2798 2206 2818 corr.
2225 2786 2262 2817 iu
2279 2797 2294 2817 r
2310 2785 2346 2817 F
2351 2785 2376 2822 ¹)
2392 2784 2429 2816 F

204 2875 340 2908 inmane
368 2876 398 2908 G
533 2876 555 2908 ὅ
579 2877 832 2920 adstipulantur
860 2877 889 2910 C
1025 2875 1047 2909 9
1072 2875 1243 2919 quondam
1269 2875 1304 2906 ιή
1328 2885 1398 2906 ras.
1427 2872 1458 2904 Ρ
1467 2872 1476 2891 ¹
1622 2870 1661 2903 11
1690 2871 1813 2903 iustius
1840 2869 1923 2911 ΕΤ,
1948 2868 1962 2901 l
1988 2863 2054 2901 isti'
2079 2868 2161 2900 add.
2188 2867 2223 2899 in
2248 2878 2356 2907 may-js.
2383 2865 2429 2896 T2'

207 2961 354 3000 reptatas
372 2963 516 3000 praeter
541 2963 615 3002 rept
639 2958 676 2990 in
700 2970 770 2991 ras.
785 2958 859 3000 M1,
884 2963 1049 3002 *reptatas
1075 2959 1108 2998 (c
1132 2962 1168 2988 ut
1192 2968 1220 2988 v.
1247 2966 1334 2988 eras.
1353 2954 1415 2995 (2¹¹)
1434 2954 1462 2985 C
1529 2952 1667 2995 cespitis
1693 2952 1728 2983 in,
1753 2962 1823 2982 ras.
1839 2949 1891 2981 Ι)1
1963 2949 2081 2992 glebas
2108 2946 2141 2989 (a
2158 2948 2193 2979 ἰιι
2213 2958 2279 2979 ras.
2296 2946 2374 2982 111¹)
2391 2945 2434 2977 M

210 3035 253 3069 12
279 3044 357 3071 ante
381 3039 523 3072 flumina
546 3039 642 3072 rubr.
668 3040 780 3082 querit
802 3039 939 3072 induxit
961 3038 1051 3071 qu
1210 3035 1253 3069 13
1277 3037 1339 3069 tibi
1365 3036 1513 3078 primum
1546 3034 1577 3065 T
1694 3033 1812 3075 pirgus
1827 3031 1864 3063 F
1988 3041 2072 3072 equs
2093 3029 2124 3060 Τ
2169 3080 2222 3098 cm
2283 3025 2324 3059 14
2352 3038 2429 3069 puc-

209 3119 310 3152 riciae
334 3119 408 3152 MC
530 3125 610 3154 tuae
632 3126 776 3164 praeter
806 3126 818 3154 t
848 3121 885 3153 in
908 3132 978 3152 ras.
1004 3119 1056 3152 L¹
1185 3118 1345 3161 gencium
1375 3116 1414 3157 G,
1451 3116 1605 3159 gentium
1624 3119 1767 3157 praeter
1797 3124 1840 3155 ge
1873 3113 1908 3144 ἱιι
1942 3123 2010 3143 ras.
2038 3110 2088 3142 P¹
2210 3108 2348 3140 fluxisse
2382 3106 2429 3138 Τ2

213 3200 257 3233 15
282 3207 360 3234 ante
385 3202 497 3235 celtici
522 3202 584 3245 less.
609 3202 724 3245 gallici
748 3202 785 3234 z'n
810 3201 844 3234 P
957 3201 1048 3234 celiti
1075 3199 1104 3232 C
1194 3209 1341 3231 scaniam
1363 3196 1395 3228 P
1581 3193 1623 3227 1ss
1648 3195 1682 3226 in
1707 3199 1740 3226 te
1764 3193 1849 3225 illud
1878 3193 1906 3225 (J
2093 3188 2134 3221 l?
2161 3200 2358 3245 exzeggcras
2376 3187 2426 3219 F¹

213 3293 286 3315 esse
311 3282 470 3325 deinceps
495 3281 533 3314 F
667 3282 828 3314 deincebs
844 3281 873 3314 C
1056 3279 1099 3312 18
1123 3274 1225 3312 civib'
1260 3278 1301 3319 Τ,
1334 3277 1452 3310 civicis
1478 3276 1559 3308 add.
1586 3275 1622 3307 ιή
1645 3286 1753 3316 mary.
1791 3273 1822 3304 T
1829 3274 1841 3292 2
1984 3277 2062 3303 (mie
2087 3275 2178 3303 aetas
2204 3270 2265 3312 leq.
2291 3270 2320 3301 Sc
2345 3269 2380 3299 ἰιι,
2407 3268 2435 3299 (J
2468 3298 2470 3301 .

216 3361 258 3395 19
283 3363 545 3406 conspicabatur
569 3361 708 3395 MOFP
842 3359 889 3395 20
914 3361 1083 3394 soliditate
1110 3360 1139 3393 G
1275 3357 1319 3390 22
1345 3357 1495 3390 transisti
1520 3356 1588 3396 (isti
1611 3356 1648 3387 in
1672 3366 1743 3387 ras.
1772 3353 1838 3395 ΡΙ)
1866 3353 1898 3385 P
1995 3351 2311 3385 exercitatissimum
2337 3360 2428 3382 exer-

212 3444 318 3476 citum
342 3448 460 3486 stupor
487 3442 522 3484 O,
547 3447 665 3485 stupor
689 3442 877 3475 exercitum
903 3441 1222 3474 exercitatissimum
1236 3438 1269 3470 P
1405 3435 1450 3468 23
1475 3435 1695 3469 admiratione
1722 3434 1756 3476 (d
1782 3435 1817 3466 in
1840 3445 1910 3466 ras.
1925 3433 1958 3465 P
1966 3433 1992 3475 ¹)
2012 3432 2053 3473 P,
2077 3432 2309 3464 ammiratione
2325 3429 2397 3461 LM
2405 3429 2435 3460 Τ

212 3522 257 3556 24
293 3534 464 3566 quamque
501 3520 535 3565 (e
570 3522 606 3554 z’n
641 3533 712 3554 ras.
738 3520 867 3563 L1)L
1013 3521 1269 3554 comittarentur
1297 3518 1326 3551 C
1525 3514 1569 3548 25
1608 3516 1720 3548 abruti
1753 3515 1802 3550 0¹
1947 3513 2195 3557 oppugnationi
2233 3510 2338 3554 (oppa
2381 3511 2428 3541 ἰη-

214 3616 284 3636 ras.
301 3602 367 3645 1³¹)
383 3602 417 3635 P
575 3601 620 3635 26
645 3603 814 3645 explicata
839 3607 890 3635 est
915 3602 953 3634 F
1041 3601 1176 3634 obtimis
1193 3597 1242 3632 M
1338 3598 1546 3630 novissimus
1560 3596 1591 3629 L
1754 3594 1799 3628 27
1819 3596 1956 3628 audatia
1968 3594 2042 3627 JJIC'
2144 3593 2248 3625 nullis
2273 3603 2360 3624 corr.
2387 3601 2427 3622 ea:

215 3685 334 3718 nullus
357 3684 424 3725 ΡΙ,
448 3684 537 3717 nulli
560 3683 603 3724 L,
627 3683 723 3716 nullo
754 3683 787 3714 T
874 3687 944 3716 toto
970 3682 1007 3714 F
1095 3681 1283 3714 desiderato
1317 3677 1348 3709 Τ
1482 3675 1527 3708 28
1553 3676 1714 3719 planitiae
1740 3675 1788 3715 L,
1813 3675 1959 3717 planicie
1985 3672 2016 3709 (e
2045 3684 2133 3704 corr.
2161 3683 2200 3703 est:
2227 3682 2244 3709 e
2273 3669 2335 3710 Οἳ)
2362 3669 2434 3701 ch'

218 3765 390 3809 potiabare
415 3763 453 3796 F
547 3764 650 3797 sotios
676 3763 714 3795 F

358 3843 529 3881 Summus.
2137 3828 2159 3861 6

2464 1200 2486 1238 ῐὺ
