2583 4011
71 1107 103 1130 lo

63 2280 95 2306 25

64 2827 97 2851 30

788 213 930 251 LIBER
960 213 1004 256 n,
1040 213 1193 250 xxxn'
1219 216 1239 259 g
1268 215 1309 250 κ.)
1334 236 1375 240 -
1404 214 1592 250 xxxvnl
1620 215 1639 256 ,s
1665 216 1696 249 -.>.
2254 219 2334 259 339

1134 409 1343 452 XXXVI.

385 514 620 556 DOMINO
654 514 885 555 SANCTO
919 513 994 554 ET
1027 512 1404 555 APOSTOLwo
1442 512 1700 559 MHHQUE
1737 513 1794 554 IN
1829 514 2086 556 (unusqu)

248 583 483 625 DOMINO
518 583 914 625 SPECIALJTER
945 582 1312 624 EXCOLENDO
1347 581 1562 622 FRATRI
1601 582 1904 623 CAESAluo
1940 584 2227 625 El’lfflwwo

912 651 1198 692 RUfflCll's
1232 650 1572 693 Episcopus.

286 730 383 802 Qu:
415 751 666 792 occasiones
700 750 915 792 scribendi
949 751 1073 792 nobis
1107 751 1288 791 invicem
1323 765 1399 807 pro
1441 755 1589 791 mntna
1628 751 1807 791 caritate
1851 751 2123 806 inquirimus,
2169 753 2336 793 oblatas

138 819 484 875 praetermittere
518 835 600 861 non
636 820 867 866 debemus,
908 825 954 861 ut
986 822 1178 861 conferat
1212 820 1333 861 nobis
1367 819 1581 875 quandam
1618 821 1892 875 praesentiae
1928 822 2164 876 portionem
2199 837 2337 862 sermo

136 889 358 938 mediator,
406 890 477 944 qui
531 890 742 931 emittitur
788 904 866 930 nec
917 891 1142 936 amittitur,
1197 890 1398 931 tribuitur
1443 894 1486 929 et
1534 889 1731 933 habetur,
1780 890 1949 930 videtur
1994 890 2216 931 discedere
2260 905 2337 931 ne(-

138 958 313 1009 rccedit,
346 972 370 999 a
395 972 462 998 mc
485 958 699 1013 dirigitur,
732 964 821 1000 ate
846 959 1094 1014 suscipitur,
1128 974 1153 1000 a
1174 974 1242 1000 mc
1267 959 1483 1003 scribitur,
1517 973 1542 999 a
1572 963 1614 999 te
1649 959 1804 1013 legitur
1836 974 1913 999 nee
1946 964 2087 1000 tamen
2122 959 2335 1003 dividitur,

138 1042 233 1069 cum
273 1029 394 1084 quasi
442 1028 606 1069 divisus
651 1030 816 1081 integer
858 1033 1003 1069 tamen
1050 1028 1270 1083 utriusque
1313 1028 1441 1068 eorde
1481 1033 1694 1070 teneatur.
1746 1029 1844 1083 qnia
1885 1028 2000 1068 verbi
2046 1043 2163 1069 more
2208 1028 2337 1068 (livini

140 1097 323 1139 traditur
354 1101 396 1138 et
426 1112 508 1138 non
542 1097 774 1151 egreditur.
808 1098 1026 1139 confertur
1059 1097 1266 1151 indigenti
1302 1103 1343 1138 et
1367 1112 1448 1138 non
1471 1098 1666 1138 aufertur
1688 1099 1867 1147 auctori,
1901 1098 2149 1153 accipientis
2174 1097 2338 1137 lucrum

137 1167 230 1208 sine
263 1166 488 1223 dispendio
521 1167 760 1221 largientis,
792 1167 934 1208 ditans
968 1167 1140 1222 inopem
1174 1181 1252 1207 nec
1286 1171 1516 1207 attenuans
1543 1182 1855 1222 possessorem.
1909 1167 2102 1221 ideoque,
2138 1167 2337 1207 veniente
2383 1171 2392 1183 ⁶

139 1236 211 1277 illo
244 1235 494 1277 dulcissimo
528 1250 624 1277 meo
666 1241 823 1292 nepote
856 1236 1114 1284 Parthenio,
1158 1236 1234 1277 has
1268 1250 1344 1292 per
1376 1237 1517 1292 ipsum
1551 1236 1654 1277 (lare
1696 1251 1779 1277 non
1824 1237 1989 1281 distuli,
2036 1241 2080 1276 ut
2119 1242 2161 1276 et
2199 1251 2336 1276 ineam

136 1306 258 1347 vobis
297 1306 588 1362 praesentiam
631 1307 784 1347 litteris
825 1306 1078 1347 exhiberem
1124 1310 1167 1347 et
1211 1306 1351 1361 ipsum
1396 1307 1557 1362 pariter
1604 1305 1970 1347 commendarem:
2022 1306 2088 1345 cni
2139 1305 2338 1360 quiequid

136 1374 302 1430 dignati
333 1375 501 1417 fueritis
533 1375 778 1416 dilectionis
811 1375 1075 1431 impendere,
1107 1375 1231 1417 nobis
1264 1391 1338 1417 vos
1369 1381 1650 1431 praesentare
1684 1376 1902 1417 noveritis.
1963 1375 2175 1430 simulque
2209 1376 2338 1416 etiam
2385 1378 2392 1412 ἰ

89 1463 98 1477 ›
136 1445 398 1501 peculiarius
422 1459 541 1499 rogo,
574 1449 621 1486 ut
644 1459 720 1500 pro
745 1459 812 1486 mc
836 1446 1029 1501 ipsisque
1056 1446 1306 1501 pignoribus
1331 1446 1492 1487 nostris
1516 1446 1785 1487 incessanter
1807 1445 1954 1486 oretis.
2003 1459 2082 1484 nee
2103 1444 2338 1499 impediant

135 1514 311 1555 affectui
343 1528 536 1556 amorum
570 1519 813 1555 nostrorum
844 1515 987 1570 spatia
1011 1516 1239 1556 interiecta
1262 1515 1504 1570 regionum,
1537 1516 1638 1570 quia
1661 1516 1731 1570 qui
1757 1515 1797 1555 in
1821 1514 2006 1562 domino,
2039 1514 2108 1568 qui
2133 1528 2340 1568 praesens

137 1586 202 1625 est
232 1583 411 1638 ubique,
458 1598 504 1625 se
537 1582 739 1638 diligunt,
783 1598 864 1625 non
899 1583 1103 1625 credendi
1139 1589 1238 1625 sunt
1270 1584 1474 1639 disparati
1510 1599 1709 1640 corpore,
1755 1598 1849 1624 eum
1894 1583 1985 1638 pari
2026 1583 2063 1623 in
2105 1598 2154 1623 eo
2196 1589 2340 1623 mente

134 1652 382 1708 iungantur.
442 1668 516 1694 ora
546 1667 623 1709 pro
655 1666 737 1693 me.

1118 1791 1354 1834 XXXVII.

328 1895 615 1937 RURICIUS
648 1894 978 1937 EPISOOPUS
1011 1894 1396 1937 DULOISSIMIS
1430 1895 1768 1937 NEPOTIBUS
1802 1894 2157 1936 PARTIIENIo

968 1965 1044 2006 ΕΤ
1076 1964 1501 2007 PAPIANILLAE.

271 2045 501 2111 POSTQUAM
533 2064 673 2119 pietas
706 2067 850 2105 vestra
882 2063 1107 2113 discessit,
1150 2063 1373 2106 dimidium
1406 2078 1503 2106 esse
1536 2078 1604 2105 me
1637 2064 1798 2110 sentio,
1844 2064 1943 2118 quia
1983 2062 2214 2103 maximam
2256 2062 2338 2102 mei

133 2137 312 2189 partem,
346 2133 428 2175 hoc
462 2137 529 2174 est
560 2133 812 2175 interiorem
844 2133 1075 2185 hominem,
1110 2133 1328 2175 residente
1363 2148 1559 2190 corpore,
1593 2134 1817 2175 vobiscum
1841 2133 2089 2174 ambulasse
2113 2145 2338 2186 mignoseo,

135 2203 196 2243 ita
227 2207 372 2244 tamen
406 2202 520 2257 quod
553 2206 596 2243 et
627 2216 704 2243 vos
738 2203 779 2243 in
810 2208 990 2258 pectore
1022 2217 1138 2255 meo,
1172 2203 1286 2258 quod
1318 2204 1388 2245 hic
1420 2204 1650 2255 remansit,
1691 2218 1867 2244 manere
1902 2202 2134 2257 conspicio.
2199 2201 2338 2241 saluto

133 2273 278 2329 itaque
320 2272 590 2314 dulcedinem
622 2276 812 2313 vestram
855 2276 918 2324 et,
959 2277 1006 2314 ut
1044 2273 1275 2314 verborum
1315 2287 1507 2315 meorum
1549 2287 1764 2314 memores
1810 2272 1925 2321 sitis,
1966 2271 2198 2317 admoneo,
2241 2270 2341 2324 quia

135 2347 299 2384 certum
332 2346 412 2394 est,
444 2356 521 2384 vos
551 2342 673 2384 iuxta
697 2342 938 2384 Salomonis
971 2344 1231 2384 sententiam
1265 2358 1394 2399 posse
1428 2344 1470 2384 in
1504 2343 1639 2394 bonis,
1673 2342 1754 2383 deo
1788 2341 2016 2396 dirigente,
2050 2340 2272 2397 proficere,
2306 2340 2340 2379 si

134 2412 355 2453 seniorum
387 2412 569 2453 consilia.
602 2416 645 2453 et
677 2413 809 2453 amori
842 2412 1086 2454 habeantur
1118 2417 1162 2453 et
1192 2414 1304 2455 usui.
1368 2417 1470 2469 opto
1503 2412 1617 2454 bene
1650 2412 1803 2466 agatis,

1108 2620 1368 2663 XXXVIII.

498 2722 787 2765 RURIOIUS
820 2723 1151 2766 EPISCOPUS
1184 2725 1410 2767 FRATRI
1441 2725 1639 2767 PETRO
1671 2724 1978 2767 EPISCOPO.

285 2800 410 2873 Qum
442 2823 721 2865 oboedientia
754 2824 978 2865 sacrificiis
1011 2825 1264 2877 antefertur,
1307 2824 1467 2866 idcirco
1510 2824 1796 2865 rusticitatem
1835 2836 1976 2863 meam
2010 2821 2122 2862 malo
2155 2820 2338 2876 prodere

135 2906 261 2947 quam
294 2891 477 2948 perdere
519 2892 762 2934 caritatem:
809 2894 1059 2935 scientia
1098 2894 1239 2935 enim
1284 2894 1472 2946 inflat,
1513 2894 1747 2945 caritas,
1790 2896 1838 2933 ut
1876 2891 1958 2946 ipsi
1996 2891 2150 2931 melius
2191 2891 2338 2942 nostis,

135 2961 424 3004 aedificat.
485 2976 613 3017 quam
646 2962 700 3003 ob
733 2977 844 3014 rem,
885 2963 986 3018 quia
1016 2964 1221 3015 iussistis,
1261 2967 1308 3004 ut
1339 2977 1414 3004 vos
1447 2977 1525 3019 per
1557 2962 1751 3018 singulas
1785 2960 2036 3002 occasiones
2070 2964 2114 3001 et
2145 2959 2198 3000 de
2230 2960 2338 3000 meis

135 3030 304 3072 actibus
344 3030 534 3072 facerem
575 3032 783 3074 certiores
827 3036 870 3074 et
911 3032 1174 3074 desiderium
1215 3037 1427 3086 vestrum,
1476 3032 1589 3087 quod
1636 3031 1739 3072 mihi
1784 3044 1869 3071 non
1916 3043 2012 3070 meo
2060 3029 2214 3069 merito
2263 3027 2338 3069 sed

135 3101 328 3155 generali
380 3105 424 3142 et
473 3101 604 3142 insita
648 3101 772 3149 vobis
825 3102 1059 3144 dilectione
1116 3101 1389 3158 dependitis,
1445 3101 1634 3157 alloquio
1681 3103 1995 3154 temperarem,
2050 3112 2118 3139 me
2167 3097 2337 3152 quidem

273 3261 316 3295 27
343 3262 449 3297 Prov.
475 3262 556 3305 XII,
582 3263 637 3298 15.
755 3263 797 3297 31
826 3263 852 3297 I.
872 3262 951 3298 Cor.
970 3262 1069 3304 VIII,
1096 3263 1125 3297 1.

275 3367 297 3401 5
322 3368 381 3411 qui
400 3386 442 3390 ——
462 3367 503 3401 11
522 3367 760 3412 possessorem]
786 3380 862 3402 cum
885 3369 1032 3411 epistula
1052 3368 1106 3410 II,
1126 3371 1146 3400 5
1172 3368 1220 3401 ad
1243 3368 1380 3401 verbum
1395 3369 1478 3411 fere
1503 3368 1703 3400 conveniunt
1796 3364 1981 3398 occasionis
2003 3363 2032 3395 G
2172 3360 2190 3394 7
2217 3362 2337 3395 media-

135 3423 201 3468 tor]
230 3425 388 3458 &anisius
412 3426 510 3468 σοφή,
532 3427 711 3460 meditator
739 3427 780 3469 G,
810 3427 992 3460 meditatur
1015 3438 1125 3469 supra
1151 3426 1206 3467 ΙΙ,
1229 3429 1249 3458 5
1365 3426 1561 3458 discendere
1590 3425 1631 3466 G,
1660 3430 1696 3456 ut
1720 3435 1828 3466 supra
1856 3422 1909 3463 II,
1932 3426 1952 3455 5
2113 3420 2134 3451 9
2158 3420 2281 3461 integri
2311 3420 2339 3451 G

137 3481 179 3515 11
197 3483 328 3516 dictans
345 3483 385 3524 G,
409 3489 445 3515 ut
461 3495 569 3526 supra
582 3483 637 3526 ΙΙ,
649 3488 669 3517 5
786 3483 829 3517 12
846 3481 1036 3528 parthenio]
1055 3484 1188 3526 scripsi,
1207 3484 1250 3526 ef.
1269 3483 1367 3525 Greq.
1388 3483 1468 3515 Tur.
1486 3483 1560 3516 hist.
1579 3483 1642 3515 Fr.
1657 3482 1736 3524 III,
1749 3484 1806 3522 36,
1830 3480 2014 3524 parthemio
2036 3479 2065 3510 G
2183 3476 2226 3509 13
2251 3488 2338 3509 com-

136 3541 295 3574 mendare
315 3541 345 3573 G
503 3539 547 3574 14
570 3547 764 3585 presentare
785 3542 826 3584 G,
855 3547 1024 3586 praestare
1051 3542 1136 3574 com'.
1155 3541 1353 3583 Lz'irjolzmm
1508 3540 1552 3573 15
1576 3542 1792 3573 incensanter
1814 3539 1842 3569 (ι’
2005 3536 2047 3568 1⁴5
2072 3546 2224 3577 qmorum
2250 3546 2338 3566 corr.

135 3609 288 3631 amorum
317 3598 367 3631 G¹
532 3598 574 3631 17
600 3598 775 3643 disparati]
808 3601 852 3644 cf.
879 3611 986 3643 supra
1003 3612 1043 3642 p.
1062 3601 1135 3640 312,
1161 3600 1182 3631 Z.
1200 3601 1242 3631 25
1357 3597 1447 3641 cum]
1475 3597 1541 3642 212*ss
1566 3597 1622 3640 (οῦ
1648 3597 1760 3640 suppl.
1784 3596 1849 3637 ἐπ”)
1880 3596 1909 3627 G
2018 3591 2101 3636 pari]
2129 3592 2339 3634 Le'iy'olcaoz'n,

136 3664 160 3697 P
186 3657 215 3688 ἃ
244 3656 284 3697 (τ’,
317 3657 442 3700 pariter
468 3656 625 3689 C'anisius
800 3656 846 3690 20
876 3658 1064 3701 parthemio
1093 3657 1123 3689 G
1296 3654 1341 3688 Ξῖ..)
1371 3653 1560 3699 dimidium]
1591 3656 1631 3696 G,
1665 3655 1793 3687 scribas
1817 3653 1964 3685 diuisum
1978 3656 1994 3683 ἱ)
2023 3656 2059 3681 ue
2083 3660 2189 3691 snpra
2208 3661 2245 3691 p.
2269 3652 2340 3689 311,

137 3714 160 3746 Ζ.
179 3716 209 3746 9.
232 3715 307 3755 318,
333 3715 355 3745 l.
372 3716 417 3746 37
553 3712 597 3746 23
622 3725 789 3756 cognosce
814 3726 902 3746 corr.
928 3726 1097 3758 cognosco
1119 3714 1167 3746 G²
1308 3712 1353 3745 ‘24
1378 3712 1551 3755 remansit]
1578 3724 1640 3745 uos
1664 3712 1782 3754 repetit
1802 3712 1831 3743 G
1969 3707 2013 3740 33
2033 3705 2120 3749 meo]
2147 3718 2163 3737 e
2182 3718 2269 3738 corr.
2287 3706 2337 3737 6⁷¹¹

136 3768 181 3802 34
213 3771 340 3813 alloqui
370 3771 399 3803 G
492 3771 628 3814 quidem
652 3783 751 3803 versu
776 3777 915 3804 esceume
943 3772 972 3803 G
986 3781 996 3804 .·
1020 3772 1083 3804 deo
1108 3771 1219 3814 suppl.
1249 3770 1407 3803 &misius

1983 3843 2060 3878 43*

2412 424 2451 467 (l
