2583 4011
237 219 316 257 272
917 217 1083 251 FAt's'rl
1115 216 1430 258 AhloRFMQOE
1460 217 1625 251 EPISTL‘
1635 218 1732 251 ΒΑΕ.

103 335 144 380 G
194 334 329 371 5eum
363 331 515 371 litteris
552 331 752 385 prosequi
786 346 861 386 pro
895 331 1151 372 cumulanda
1184 332 1393 373 mercedis
1420 339 1585 374 vestrae
1620 333 1816 374 ubertate
1852 334 2049 374 iubeatis.
2105 333 2198 388 pius
2221 333 2418 374 dominus

234 399 512 440 reverendam
560 399 661 440 mihi
703 400 1014 441 beatitudinem
1054 403 1238 441 vesti-'am
1279 401 1332 441 ad
1374 402 1614 456 profectum
1655 406 1697 442 et
1739 407 1935 442 ornatum
1976 402 2188 443 ecclesiae
2229 416 2332 443 suae
2374 406 2418 443 et

235 468 356 507 annis
388 468 675 523 multiplicare
708 468 910 521 dignetur
948 472 989 509 ct
1030 470 1211 510 meritis.
1252 469 1423 511 domine
1463 470 1712 511 bcatissime
1755 484 1803 510 ac
1845 470 2190 512 reverentissime
2229 475 2358 525 atque
2392 485 2417 511 a

235 551 302 576 me
336 536 479 577 debito
513 537 626 578 cultu
661 538 937 592 singulariter
969 538 1236 581 observande
1271 540 1310 580 in
1346 539 1516 581 (¹l1risto
1551 545 1739 596 patrone.

1261 734 1383 776 VIII.

483 835 715 876 DOMINO
750 835 981 876 SANC'I'O
1014 836 1091 875 AC
1124 835 1486 877 BEATISsIMO
1520 836 1595 876 ET
1629 836 1779 877 oMNl
1811 837 1948 877 MIHI
1982 836 2177 878 CULTU

240 905 439 951 ATQI'E
475 904 718 945 IIONORE
753 904 1125 945 YENERANDo
1158 904 1341 945 PATRI
1372 905 1448 946 ET
1480 905 1541 946 IN
1575 905 1831 946 CHRISTO
1865 905 2099 947 DOMINO
2132 905 2413 947 PATRONO

844 972 1093 1013 RURICIO
1127 972 1416 1014 EPISOOPO
1450 973 1805 1015 TURENTIUS.

203 1069 212 1105 l
386 1053 607 1112 Lamus
655 1070 896 1111 sanctitatis
943 1077 1112 1111 vestrae
1160 1086 1227 1112 mc
1278 1071 1456 1126 spiritali
1506 1071 1601 1112 cibo
1650 1076 1818 1126 pastum
1866 1072 2151 1112 incitaverunt
2198 1071 2250 1112 ad
2299 1086 2419 1128 spem

234 1141 472 1181 futurorum
513 1144 554 1180 et
587 1139 717 1180 verba
762 1139 1015 1194 prophetica
1058 1140 1252 1181 claritate
1295 1140 1508 1180 radiantia
1546 1140 1599 1181 ad
1643 1140 1937 1181 discutiendas
1980 1155 2170 1182 errorum
2213 1141 2416 1182 tenebras

193 1209 460 1264 2purissima
501 1209 595 1248 luce
636 1208 863 1250 fulserunt.
924 1222 1189 1262 recognosco
1228 1209 1401 1263 plenum
1446 1209 1637 1249 caritatis
1679 1210 1882 1250 affectum
1923 1215 1965 1250 et
1997 1210 2290 1250 sinceritatem
2321 1210 2419 1265 piae

232 1277 530 1331 castigationis
563 1277 818 1332 amplector:
863 1277 1154 1331 eloquentiam
1189 1278 1230 1317 in
1267 1278 1430 1321 verbis.
1470 1278 1512 1318 111
1546 1279 1757 1334 exemplis
1792 1279 2126 1334 perfectionem,
2168 1280 2210 1320 in
2243 1279 2420 1320 consilio

233 1346 436 1400 gratiam.
479 1346 520 1386 in
567 1346 707 1387 officio
749 1346 1083 1399 indulgentiam,
1127 1347 1169 1386 in
1202 1347 1383 1387 veritate
1423 1347 1726 1392 constantiam.
1770 1349 1812 1388 in
1851 1347 2146 1389 admonitione
2181 1348 2421 1400 veritatem,

192 1415 456 1456 3scientia1n
497 1415 691 1470 probatis
733 1416 771 1455 in
815 1414 1027 1469 dogmate.
1094 1430 1167 1456 vos
1206 1416 1404 1470 antiquos
1447 1417 1754 1471 scripturarum
1793 1418 2053 1472 interpretes
2097 1420 2139 1458 et
2181 1417 2423 1458 divinorum

232 1484 494 1524 voluminum
528 1490 805 1526 tractatores.
852 1484 1099 1525 veneranda-
1132 1485 1234 1525 mihi
1267 1486 1459 1534 nomina,
1505 1485 1790 1541 Cyprianum,
1834 1486 2145 1540 Augustinum,
2189 1485 2418 1538 Hilarium,

234 1553 504 1594 Ambrosium
530 1554 771 1594 rettulistis.
806 1554 911 1594 alios
946 1554 1174 1596 facundiae
1207 1555 1310 1595 flore
1335 1560 1579 1598 vernantes,
1614 1556 1722 1597 alios
1756 1560 1799 1597 et
1831 1557 1873 1596 in
1905 1556 2148 1597 revelandis
2173 1556 2416 1597 occultiori-

235 1622 314 1663 bus
350 1623 585 1677 spiritales.
619 1623 723 1663 alios
756 1622 995 1663 mulcendis
1029 1624 1325 1678 imperitorum
1361 1624 1560 1665 sensibus
1594 1624 1893 1675 blandientes,
1927 1625 2036 1665 alios
2068 1625 2112 1665 in
2144 1624 2247 1666 fidei
2278 1639 2421 1666 asser-

196 1692 349 1732 Itione
384 1697 638 1747 pugnantes.
700 1692 961 1746 praeteritae
997 1693 1311 1733 calumniamur
1342 1693 1491 1742 aetati,
1526 1693 1638 1748 quod
1672 1694 1782 1734 viros
1816 1695 1913 1735 illos
1947 1693 2232 1735 admiratione
2262 1693 2423 1748 dignis-

235 1760 361 1801 simos
403 1761 509 1802 haec
550 1761 719 1802 saccula
759 1775 844 1801 non
883 1762 1092 1802 tulerunt:
1141 1776 1215 1817 pro
1261 1766 1376 1802 certo
1416 1762 1655 1803 doctrinam
1697 1764 1873 1804 iunioris
1915 1763 2154 1804 ambierant
2200 1763 2271 1818 qui
2319 1767 2419 1804 ante

197 1829 487 1871 5d0cuerunt.
550 1844 628 1885 ego
671 1835 814 1870 autem
854 1836 1040 1872 aetatem
1079 1846 1220 1872 meam
1261 1846 1346 1872 non
1387 1831 1439 1872 de
1484 1833 1732 1873 canentium
1773 1833 1994 1887 putamine
2036 1832 2287 1887 capillorum
2326 1846 2420 1884 nec,

237 1900 347 1939 sicut
381 1899 602 1940 beatitudo
648 1904 789 1940 vestra
833 1900 884 1940 de
926 1901 1135 1941 saeculari
1180 1906 1357 1942 auctore
1397 1905 1593 1941 mutuata
1634 1907 1716 1951 est.
1761 1901 1812 1942 de
1855 1902 1999 1942 colore
2037 1901 2198 1942 barbae
2236 1900 2423 1942 albentis

234 1982 436 2022 agnosco.
472 1982 580 2019 cum,
615 1968 781 2009 etiamsi
807 1973 922 2008 esset
955 1982 1073 2009 error
1096 1969 1137 2009 in
1163 1974 1376 2024 computo,
1411 1970 1682 2010 senescentis
1707 1984 1840 2011 annos
1865 1970 1916 2011 de
1939 1975 2113 2025 torpore
2135 1969 2425 2011 membrorum

195 2041 312 2092 oper
351 2037 487 2077 morbi
535 2037 801 2078 incrementa
851 2038 1068 2078 sentirem.
1140 2037 1216 2078 sed
1256 2038 1446 2078 omnium
1488 2052 1665 2093 precum
1715 2038 1955 2080 humilitate
2003 2039 2211 2095 deposco,
2258 2042 2306 2079 ut
2350 2051 2426 2094 pro

236 2106 503 2147 correctione
544 2120 710 2146 morum
748 2120 961 2157 meorum,
1009 2121 1085 2162 pro
1124 2107 1375 2162 inspirando
1415 2107 1517 2147 mihi
1564 2107 1778 2148 desiderio
1828 2108 2098 2163 paenitendi.
2146 2122 2222 2163 pro
2269 2106 2427 2148 domini

235 2176 370 2216 nostri
401 2176 703 2231 propitiatione
737 2176 779 2216 in
813 2176 972 2216 sanetis
1004 2177 1157 2217 vestris
1191 2177 1458 2217 orationibus
1493 2177 1759 2232 supplicetis,
1801 2181 1848 2217 ut
1880 2178 1950 2231 qui
1983 2177 2037 2217 ad
2068 2175 2289 2217 vitandum
2322 2189 2422 2231 pro-
2463 2184 2478 2208 2¹

237 2245 344 2285 clive
377 2246 490 2286 illius
525 2246 617 2286 viae
651 2246 693 2285 in
726 2245 968 2300 perniciosa
999 2246 1220 2299 vergentis
1254 2250 1444 2286 erectum
1477 2252 1519 2287 et
1552 2260 1646 2286 cum
1680 2246 1826 2287 labore
1859 2246 2143 2300 gradiendum
2173 2246 2256 2286 iter
2280 2248 2425 2286 osten-

238 2316 348 2366 ditis.
385 2321 428 2357 et
460 2316 704 2371 ingressum
736 2315 838 2355 boni
872 2315 1015 2370 operis
1050 2320 1091 2356 et
1123 2316 1220 2371 piae
1253 2315 1572 2356 emendationis
1595 2315 1830 2356 obtineatis
1855 2315 2056 2355 effectum
2078 2314 2224 2355 nonin
2247 2313 2426 2354 verbere

198 2385 504 2440 7disciplinae,
538 2384 613 2425 sed
646 2385 689 2424 in
721 2384 1017 2438 indulgentiae
1050 2384 1264 2425 medicina
1297 2391 1340 2425 et
1372 2383 1700 2425 misericordiae
1733 2384 1925 2424 lenitate.
1978 2384 2088 2424 hanc
2111 2396 2278 2438 quoque
2302 2382 2426 2423 vobis

239 2454 431 2495 conferte
464 2453 729 2494 mercedem:
764 2452 930 2494 debetis
963 2453 1076 2493 enim
1108 2453 1233 2494 fenus
1258 2452 1428 2493 domino
1463 2452 1515 2493 (10
1548 2453 1766 2503 thesauro,
1801 2453 1871 2507 qui
1904 2452 2005 2493 fidei
2038 2457 2209 2493 vestrae
2242 2451 2426 2492 traditus

198 2526 280 2565 Set
313 2538 335 2564 a
368 2522 490 2563 vobis
522 2522 595 2562 illo
629 2521 958 2562 commendante
982 2526 1211 2576 susceptus
1235 2527 1313 2562 est.
1366 2521 1579 2576 adquirite
1603 2521 1898 2576 desperantes.
1933 2521 2099 2575 arguite
2123 2520 2423 2575 neglegenteS,

237 2591 404 2632 deditos
448 2604 596 2631 00111110
635 2591 816 2644 ignavae
861 2591 1107 2631 securitatis
1153 2591 1361 2635 excutite.
1413 2590 1576 2631 resides
1618 2590 1822 2631 excitate.
1892 2589 2017 2630 decet
2054 2603 2177 2630 ovem
2215 2588 2427 2644 perditam

238 2661 281 2701 in
318 2660 477 2700 umeris
522 2660 608 2699 suis
648 2660 806 2699 bonum
850 2665 1070 2714 reportare
1111 2663 1329 2714 pastorem
1368 2665 1408 2699 01
1452 2659 1756 2699 munitioribus
1798 2659 1930 2699 caulis
1979 2673 2052 2699 eas
2100 2658 2257 2712 quibus
2299 2658 2425 2712 lupus

199 2734 222 2771 9
239 2729 464 2770 insidiatur
503 2728 736 2770 includere.
804 2733 999 2769 sanctum
1032 2729 1344 2782 Augustinum,
1392 2729 1500 2768 01001
1538 2728 1786 2771 iusseratis.
1828 2727 1991 2775 inveni,
2038 2740 2164 2781 quem
2204 2740 2300 2767 cum
2339 2725 2426 2766 filio

239 2798 453 2839 communi
477 2797 652 2838 Rustico
684 2798 937 2852 presbytero
963 2811 1060 2838 esse
1086 2797 1328 2838 credebam.
1381 2811 1538 2851 operae
1563 2798 1748 2852 pretium
1771 2801 1849 2847 est.
1883 2802 1928 2837 ut
1950 2795 2217 2837 admiremini
2239 2794 2426 2836 studium

238 2881 393 2908 meum.
428 2866 539 2921 quod
563 2867 631 2920 qui
656 2881 764 2921 quae
788 2867 991 2921 opuscula
1014 2867 1253 2907 contineret
1276 2866 1498 2920 hueusque
1523 2866 1685 2907 nescivi
1718 2879 1820 2905 sane
1854 2864 2120 2920 capitulatim
2151 2865 2235 2904 iam
2267 2863 2423 2904 librum

175 2940 223 2978 10
240 2936 475 2977 traditurus
507 2935 690 2990 inspexi.
755 2936 1008 2976 chartaceus
1041 2935 1152 2976 liber
1185 2940 1251 2975 est
1283 2940 1326 2975 et
1359 2934 1411 2975 ad
1450 2934 1674 2976 ferendum
1715 2934 1914 2974 iniuriam
1951 2947 2100 2989 parum
2139 2932 2282 2980 fortis,
2328 2932 2426 2986 quia

239 3006 363 3046 citius
398 3004 564 3044 charta.
599 3004 707 3044 sicut
741 3005 896 3053 nostis,
930 3009 1145 3044 vetustate
1180 3003 1466 3044 consumitur:
1507 3003 1659 3057 legite,
1700 3003 1734 3043 si
1766 3002 1944 3047 iubetis.
1976 3006 2104 3056 atque
2138 3000 2424 3042 transcribite.

178 3077 218 3114 11
242 3084 284 3114 et
318 3086 457 3128 spero.
491 3082 549 3112 ut.
584 3079 810 3127 postquam
834 3073 955 3113 vobis
978 3073 1090 3113 bene
1115 3072 1311 3126 cognitus
1336 3072 1476 3111 fuerit.
1510 3071 1562 3111 ad
1586 3084 1667 3117 me.
1701 3072 1768 3112 cui
1792 3076 1857 3112 est
1880 3070 2138 3125 incognitus,
2172 3069 2424 3120 remittatur,

241 3144 338 3198 quia
383 3143 597 3196 corrigere
639 3143 960 3197 neglegentiam
1004 3155 1143 3183 meam
1191 3143 1465 3196 frequentata
1506 3141 1784 3182 membranae
1826 3139 1962 3194 ipsius
2003 3139 2187 3179 lectione
2228 3137 2424 3193 dispono.

241 3226 310 3251 ora
346 3226 420 3266 pro
452 3224 534 3251 mc.

376 3397 396 3426 ·.).
422 3395 653 3426 reuertendum
677 3396 704 3425 G
844 3397 865 3425 11
889 3396 970 3426 unni
993 3398 1020 3426 G
1170 3395 1190 3425 ἴ)
1219 3394 1308 3436 vlu]
1336 3397 1369 3426 ιίι
1394 3408 1457 3437 my.
1476 3408 1539 3427 scr.
1561 3397 1608 3427 G:
1634 3395 1792 3426 Htw-icius
1816 3394 1988 3435 respondit
2016 3393 2068 3432 II.
2094 3396 2133 3424 17
2268 3392 2290 3421 ὅ
2314 3397 2427 3422 ulrum

241 3452 423 3483 Tur-eutius
454 3462 499 3481 αιι
531 3451 736 3482 'I'aurentius
770 3451 927 3492 scriptum
962 3452 1017 3483 sil.
1051 3452 1198 3483 discerni
1227 3453 1339 3493 ‘nequit
1367 3453 1396 3483 G
1560 3451 1602 3484 14
1635 3448 1796 3494 probatis]
1829 3450 1902 3482 tolli
1930 3451 2000 3481 cult
2025 3449 2211 3481 Mommen
2326 3448 2427 3480 inter-

240 3509 342 3551 pretis
372 3508 400 3539 G
552 3507 594 3540 15)
618 3514 778 3540 tractares
808 3507 836 3538 G
939 3519 957 3539 a
985 3508 1021 3541 (11
1048 3521 1073 3539 «ς.
1100 3509 1120 3539 ἰ.
1148 3508 1212 3549 6¹)
1239 3509 1413 3550 gustinum
1444 3510 1473 3540 G
1578 3509 1747 3550 hylarium
1777 3507 1806 3539 G
1957 3505 1999 3538 16
2026 3503 2214 3547 rettulistis]
2240 3504 2426 3537 r&tuIlistis

242 3566 343 3597 (corr.
368 3566 555 3606 rRtulistis)
579 3566 618 3604 G,
643 3565 699 3597 sed
725 3571 756 3596 et
782 3565 930 3596 illustres
951 3564 1106 3596 canisius
1236 3563 1276 3596 17
1302 3566 1367 3597 fide
1389 3565 1418 3597 G
1549 3565 1588 3597 18
1613 3566 1804 3608 preteritate.
1826 3565 1854 3595 G
1981 3562 2023 3594 :21
2049 3560 2202 3604 auctore]
2227 3561 2338 3594 nescio
2363 3572 2427 3602 quo

241 3621 285 3654 22
310 3623 349 3654 de
374 3620 519 3664 torpore]
546 3622 675 3663 scripsi,
707 3622 886 3663 dec-crpore
915 3622 954 3660 G,
987 3622 1172 3664 decrepitos
1201 3622 1356 3654 eanislus
1507 3622 1550 3654 2⁴5
1583 3628 1762 3664 uergentes
1791 3623 1819 3652 G
1969 3619 2012 3651 27
2038 3617 2190 3660 uerbere]
2216 3629 2357 3651 uei-uere
2386 3617 2426 3658 G,

243 3681 372 3711 fervore
392 3679 546 3711 canigz'us
698 3676 744 3710 30
767 3679 997 3710 commendam
1019 3679 1047 3710 G
1145 3685 1283 3721 arguete
1305 3680 1334 3710 G
1484 3679 1525 3711 31
1553 3680 1751 3712 securitates
1772 3680 1801 3710 G
1895 3675 2033 3720 resides]
2057 3676 2096 3717 G,
2122 3676 2252 3708 desides
2271 3674 2427 3707 Canisius

241 3734 285 3769 35
309 3737 366 3778 qui
391 3734 488 3778 quae]
515 3741 538 3778 q
569 3736 597 3768 G
735 3733 778 3766 3?
804 3733 941 3776 iubetis]
974 3736 1002 3766 G
1140 3734 1184 3766 38
1208 3747 1227 3767 a
1256 3736 1285 3767 G

2458 1150 2490 1174 10

2461 1494 2492 1519 15

2461 1841 2494 1866 20

2464 2527 2497 2552 30

2463 2871 2495 2895 35

2463 3214 2496 3238 40
