2583 4011
85 306 126 351 G

136 451 157 487 1⁴«

141 1558 163 1595 10

201 198 280 236 344
1016 189 1198 224 1111111011
1223 189 1564 224 EPISTULARUM

198 310 443 364 priusquam
498 311 691 360 rogetur,
747 310 789 346 et
842 309 1031 346 nostrum
1090 318 1403 359 praeoccupare
1458 304 1759 346 benevolentia
1814 317 1892 344 sua
1943 304 2120 345 festinat
2171 305 2379 353 officium;

201 378 297 417 dum
341 391 421 416 non
464 376 600 415 solum
647 375 880 419 custodire,
929 388 1074 415 verum
1122 373 1250 414 ctiam
1297 388 1455 428 augere
1498 374 1646 414 initum
1688 373 1768 413 sibi
1808 373 1938 426 gestit
1982 373 2202 425 affectum,
2253 387 2380 427 quem

204 446 360 486 ideireo
392 445 614 485 benefieiis
645 444 920 499 anticipando
954 443 1172 487 laetificat,
1205 442 1304 496 quia
1335 442 1387 483 ad
1419 442 1633 483 modicum
1668 441 1921 482 contristare
1954 442 2166 482 formidat.
2220 445 2262 482 et
2282 440 2380 482 ideo

201 515 361 555 mavult
393 514 548 555 offerre
581 514 739 554 taeenti
773 513 953 567 gratiam
986 526 1113 567 quam
1146 516 1368 566 praestare
1400 511 1610 565 poscenti,
1650 510 1792 551 sciens
1824 510 1973 565 procul
2013 509 2162 562 dubio,
2199 510 2295 565 plus
2335 510 2378 550 in

203 600 251 624 eo
284 598 380 624 esse
414 583 573 632 meriti,
616 582 726 637 quod
760 586 1000 637 spontanea
1031 580 1298 634 benignitate
1331 579 1535 630 defertur,
1576 593 1702 634 quam
1735 578 1848 633 quod
1880 578 2081 633 precibus
2114 577 2382 632 indulgetur;

202 651 411 707 siquidem
444 652 594 692 horum
627 666 756 691 unum
790 664 873 690 non
906 650 985 690 nisi
1019 649 1278 689 necessitate
1310 647 1434 688 datur
1466 647 1787 697 necessitudini,
1821 646 1937 688 aliud
1959 661 2060 688 vero
2093 661 2223 702 saepe
2253 646 2381 686 etiam

203 721 432 776 precatoris
467 720 641 760 sedulae
683 719 908 759 dimittitur
950 718 1222 772 improbitati.
1284 717 1397 758 unde
1440 717 1557 757 salve
1600 717 1865 771 reciprocum
1903 715 2073 767 dicens,
2119 715 2170 756 de
2210 714 2385 770 pietatis

204 796 370 831 vestrae.
412 790 695 845 promissione
735 803 911 829 securus
952 787 1141 842 puellam
1173 790 1362 827 vestram
1406 786 1447 826 in
1485 799 1575 825 rem
1608 785 1783 826 directis
1816 785 1960 840 pueris
1993 784 2151 825 vestris
2184 797 2251 824 me
2284 796 2385 823 con-

204 860 397 911 signasse
437 858 648 911 significo,
693 858 761 898 eui
800 856 965 897 confido
1004 855 1116 910 quod
1156 856 1275 895 iuxta
1315 854 1666 909 pollicitationem
1709 858 1895 895 vestram
1933 868 2015 894 non
2048 853 2184 894 solum
2216 852 2385 894 veniam

204 927 277 968 sed
311 929 440 969 etiam
473 928 653 982 gratiam
688 941 762 982 pro
795 930 942 967 nostra
975 924 1288 966 intercessione
1322 923 1536 964 tribuatis.

1197 1118 1399 1160 XLVIII.

363 1225 644 1266 uisRlCIUS
677 1223 1001 1265 EPISUOI'US
1036 1222 1270 1263 DOMINO
1303 1220 1676 1262 VENERABILI
1709 1218 1930 1260 FRATRI
1962 1218 2234 1260 IOHANNI.

344 1327 539 1387 Rhamis
572 1345 808 1386 communis
842 1347 1068 1398 susceptus
1103 1342 1213 1398 quod
1237 1342 1477 1383 voluntarie
1509 1342 1653 1382 facere
1686 1340 1896 1381 debuerat
1926 1339 2030 1381 fecit
2061 1353 2173 1380 nunc
2201 1340 2391 1380 necessi-

207 1422 293 1457 tate
329 1415 590 1469 compulsus,
624 1417 669 1454 ut
701 1413 754 1453 ad
786 1413 1107 1454 venerationem
1141 1416 1257 1452 tuam
1291 1409 1669 1452 commendaticias
1702 1409 1916 1463 flagitaret
1949 1413 1992 1450 et
2020 1423 2064 1449 se
2087 1408 2255 1463 gratiae
2277 1411 2392 1459 tuae,

210 1486 290 1527 etsi
331 1489 506 1540 propter
548 1483 869 1536 neglegentiam
919 1497 1039 1522 suam
1080 1481 1130 1521 de
1173 1480 1407 1535 praeterito
1452 1480 1666 1533 ingratus,
1711 1493 1788 1533 per
1829 1477 2163 1518 insinuationem
2206 1481 2395 1518 nostram

209 1569 318 1595 nune
363 1558 507 1593 tamen
551 1551 856 1606 gratificandus
902 1552 1130 1605 ingereret.
1203 1550 1321 1590 cuius
1365 1548 1566 1604 petitioni
1609 1548 1703 1589 idco
1746 1547 1982 1603 promptius
2024 1546 2243 1601 adquievi,
2296 1547 2397 1601 quia

211 1623 390 1665 credidi.
443 1623 552 1663 sicut
600 1627 641 1662 et
686 1621 870 1672 confido,
921 1635 996 1661 vos
1044 1619 1239 1675 petitioni
1279 1632 1401 1659 meae
1448 1617 1632 1658 libenter
1677 1616 1882 1658 adnuere.
1944 1616 2077 1668 unde,
2125 1615 2390 1657 salutatione

211 1693 413 1747 depensa.
451 1705 589 1746 spero,
624 1696 669 1730 ut
701 1691 841 1745 ipsum
873 1704 948 1744 pro
981 1688 1294 1729 intercessione
1327 1690 1475 1727 nostra
1506 1685 1701 1740 recipere
1732 1686 1842 1726 tanti
1864 1685 2074 1726 habeatis.
2127 1689 2170 1726 et
2196 1684 2296 1740 quia
2316 1684 2397 1725 hoc

211 1761 320 1816 quod
364 1760 509 1801 debuit
548 1759 749 1807 reddidit,
794 1774 948 1799 usuras
993 1758 1055 1798 illi
1089 1756 1325 1798 solidorum
1358 1756 1549 1810 ipsorum
1580 1768 1666 1794 non
1698 1758 1864 1795 tantum
1896 1768 1973 1809 pro
2005 1754 2207 1810 precibus
2239 1753 2397 1794 nostris

211 1835 415 1885 quantum
450 1843 525 1883 pro
559 1829 710 1868 divinis
743 1827 988 1883 praeceptis
1021 1826 1182 1867 donare
1216 1825 1419 1879 digneris.
1483 1823 1596 1878 quod
1630 1837 1706 1878 pro
1752 1823 2078 1864 conversatione
2111 1826 2273 1874 vestra,
2317 1835 2401 1876 qua

211 1915 286 1939 vos
321 1900 398 1939 deo
432 1899 615 1953 propitio
649 1913 727 1953 per
758 1898 848 1938 dies
881 1896 1071 1951 singulos
1115 1894 1242 1936 audio
1283 1894 1513 1949 proficere,
1558 1893 1650 1933 sine
1692 1892 1960 1933 dubitatione
2001 1891 2258 1947 praestetis,
2300 1890 2401 1945 quia

213 1970 290 2023 ipsi
325 1969 475 2010 nostis.
508 1967 621 2022 quod
654 1967 724 2008 illc
758 1981 937 2021 regnum
970 1965 1039 2006 dei
1072 1965 1238 2005 laetitia
1271 1967 1313 2004 et
1344 1963 1633 2018 gratulatione
1665 1962 1874 2017 percipiet
1897 1962 2005 2003 etin
2028 1964 2217 2002 montem
2240 1959 2401 2000 domini

212 2039 475 2091 glorificatus
517 2036 741 2087 ascendet,
786 2036 856 2090 qui
897 2034 1109 2091 pecuniae
1154 2048 1256 2074 suae
1291 2047 1466 2073 usuram
1498 2046 1583 2073 non
1614 2032 1657 2072 in
1688 2031 1909 2086 praesenti
1942 2030 2114 2072 saeculo
2147 2044 2172 2070 a
2203 2028 2399 2084 proximo

215 2122 289 2147 suo
323 2106 539 2159 exegerit,
573 2106 649 2146 sed
682 2120 706 2146 a
737 2105 909 2146 domino
943 2102 1264 2158 exspectaverit
1295 2102 1338 2142 111
1369 2102 1532 2147 1111111ος
1575 2115 1655 2141 1100
1687 2115 1764 2156 per
1797 2099 1944 2141 dolosa
1976 2098 2189 2140 beneficia
2220 2098 2400 2152 laqueos

214 2175 509 2215 laborantibus
552 2176 669 2215 inicit
710 2174 1002 2215 insolubilium
1043 2172 1305 2222 debitorum,
1358 2171 1435 2212 sed
1474 2171 1588 2211 illius
1633 2175 1699 2210 est
1734 2169 1953 2210 fenerator
1997 2171 2039 2209 et
2082 2166 2279 2218 creditor,
2329 2165 2401 2220 qui

216 2245 334 2285 dicit:
377 2244 493 2285 date
528 2249 575 2285 et
607 2243 820 2284 dabitur
851 2242 1020 2293 vobis,
1055 2245 1232 2295 etqua
1262 2254 1503 2281 mensura
1535 2238 1698 2279 mensi
1729 2238 1967 2288 fueritis,
1999 2251 2058 2278 ea
2090 2235 2404 2277 remetietur

216 2314 379 2353 vobis.
442 2313 625 2353 infidelis
656 2313 804 2367 utiquc
839 2315 882 2352 et
914 2311 1082 2365 iniquus
1116 2313 1180 2350 est
1212 2309 1340 2350 etiam
1376 2309 1470 2360 sibi,
1504 2308 1576 2363 qui
1608 2308 1688 2348 1100
1718 2306 1831 2362 (111οᾶ
1856 2305 1988 2361 elegit
2011 2303 2402 2360 concupiscendum

217 2398 300 2423 11011
327 2383 414 2422 vult
444 2383 606 2423 habere
640 2386 914 2437 perpetuum.
967 2378 1162 2434 quamvis
1197 2378 1310 2419 enirn
1344 2378 1602 2432 quicumque
1635 2377 1772 2417 multa
1805 2374 1972 2425 condat,
2004 2374 2140 2415 multa
2172 2374 2405 2427 congreget

217 2457 258 2491 ct
291 2451 456 2491 infinita
488 2450 670 2491 diversis
704 2447 1089 2489 nundinationibus
1123 2445 1333 2501 adquirat,
1368 2444 1590 2486 mendicus
1622 2444 1675 2485 de
1707 2444 1786 2485 1100
1817 2443 1976 2484 1111111ᾶο
2008 2442 2213 2495 discedet,
2245 2441 2328 2482 nisi
2350 2440 2404 2482 de

219 2521 346 2561 rebus
381 2520 468 2559 suis
500 2519 742 2575 portionem
776 2532 895 2558 suam
929 2516 982 2557 ad
1014 2520 1235 2557 aeternam
1257 2515 1570 2557 beatitudinem
1601 2517 1697 2554 ante
1721 2513 2005 2569 praemiserit,
2038 2512 2206 2553 dicente
2230 2510 2404 2552 domino

217 2604 295 2644 per
326 2589 600 2643 prophetam:
648 2602 709 2628 ne
749 2586 1011 2638 timueris,
1059 2600 1167 2627 011111
1206 2585 1353 2626 dives
1394 2584 1566 2625 factus
1605 2582 1774 2624 fuerit
1815 2581 1961 2623 homo
1999 2585 2050 2623 et
2083 2595 2195 2622 011111
2227 2579 2405 2620 11111111-

219 2659 419 2713 plicata
451 2658 622 2698 fuerit
655 2657 828 2710 gloria
862 2655 1045 2697 domus
1079 2655 1208 2706 eius,
1242 2654 1371 2709 quia
1393 2668 1510 2706 non,
1544 2667 1659 2693 cum
1682 2651 1952 2702 morietur,
1985 2647 2408 2706 recipietomnia

221 2741 387 2781 neque
423 2726 585 2767 simul
619 2724 904 2766 descendet
937 2739 1049 2765 cum
1082 2738 1137 2765 eo
1170 2723 1338 2778 gloria
1370 2722 1558 2763 domus
1601 2721 1732 2768 eius;
1777 2724 1819 2762 01
1854 2721 2031 2761 iterum:
2074 2718 2406 2760 dormierunt

220 2809 442 2835 somnum
477 2809 638 2843 suum,
673 2800 724 2835 et
756 2794 895 2834 nihil
927 2794 1241 2834 invenerunt
1273 2806 1463 2833 01111105
1496 2789 1878 2832 divitiarumin
1899 2788 2136 2830 manibus
2161 2787 2284 2828 suis.
2336 2785 2408 2840 qui

223 2866 255 2905 si
290 2864 465 2917 benigni
498 2868 639 2904 essent
671 2864 838 2904 animae
871 2877 988 2913 suae,
1021 2862 1082 2902 illi
1114 2862 1255 2917 potius
1286 2861 1402 2901 bona
1436 2873 1514 2901 sua
1546 2858 1786 2910 crederent,
1820 2858 1890 2913 qui
1913 2861 1956 2899 et
1976 2857 2154 2898 idoneus
2177 2855 2407 2897 fideiussor

223 2942 285 2974 est
319 2947 555 2987 pauperum
588 2938 629 2973 et
662 2932 930 2987 largissimus
956 2931 1147 2973 redditor
1168 2944 1410 2971 usurarum.
1463 2943 1548 2970 non
1571 2942 1672 2982 ergo
1697 2927 1877 2982 cupidus
1901 2926 1973 2977 sis,
2008 2926 2228 2967 carissime
2260 2924 2407 2974 frater,

223 3016 333 3042 1111110
367 3002 556 3057 recipere
589 3002 631 3041 in
664 3001 810 3056 duplo,
853 3000 966 3056 quod
997 3001 1193 3041 dominus
1225 2999 1491 3040 redditurum
1524 3012 1570 3038 se
1602 2997 1679 3038 tibi
1710 2995 1921 3051 promittit
1951 2995 1993 3035 in
2026 2994 2251 3049 centuplo,
2294 2991 2408 3033 unde

224 3086 300 3111 nec
334 3086 358 3111 a
391 3071 508 3111 tinea
540 3070 698 3125 poteris
731 3070 1039 3124 pertimescere
1073 3068 1380 3110 exterminium
1410 3081 1491 3108 nec
1524 3082 1549 3108 a
1581 3066 1674 3107 fure
1706 3064 1938 3106 formidare
1972 3062 2266 3119 dispendium,
2309 3060 2411 3116 quia

225 3140 317 3194 ipse
351 3138 548 3179 dominus
582 3143 728 3179 noster
759 3153 984 3179 muncrum
1017 3152 1190 3180 suorum
1223 3141 1266 3178 ct
1296 3136 1476 3191 largitor
1508 3139 1550 3176 et
1582 3138 1725 3176 custos
1759 3137 1836 3175 est.

362 3288 380 3321 7
408 3287 491 3321 Luc.
512 3288 572 3321 XI.
592 3292 623 3321 ὅ.
740 3287 784 3320 22
810 3287 940 3321 Matth.
958 3286 999 3324 V,
1020 3287 1048 3320 1.
1165 3286 1209 3319 26
1236 3284 1320 3318 Luc.
1334 3284 1396 3324 VI,
1421 3283 1476 3318 38.
1548 3282 1680 3316 Matth.
1697 3282 1775 3323 VII,
1793 3282 1824 3315 2.
1941 3281 1983 3314 31
2013 3281 2069 3314 Ps.
2088 3279 2251 3320 XLVIII,
2278 3278 2331 3312 17.
2358 3277 2411 3312 18.

225 3347 269 3380 33
299 3346 354 3379 I's.
382 3345 523 3386 LXXV,
547 3348 579 3380 b'.
696 3346 738 3379 ,Ἡ
765 3345 896 3379 Matth.
924 3344 1019 3386 xlx,
1045 3344 1099 3378 29.
1215 3343 1258 3377 3&
1283 3341 1417 3376 Matth.
1436 3341 1498 3383 VI,
1526 3341 1578 3374 19.

363 3439 383 3471 2
409 3438 543 3481 initum]
564 3440 762 3479 Mommsen,
786 3439 819 3470 id
845 3437 947 3478 (corr.
972 3439 1006 3470 in
1029 3436 1097 3479 G¹)
1124 3438 1226 3469 istum
1248 3433 1292 3476 G,
1316 3436 1351 3467 in
1376 3446 1430 3467 1110
1455 3435 1556 3467 istum
1575 3434 1773 3477 Lmjohcmn
1911 3431 1932 3464 3
1957 3432 2131 3465 formidate
2147 3427 2179 3462 G
2318 3428 2339 3461 5
2364 3428 2411 3459 in-

226 3497 397 3540 dulgetur]
430 3498 596 3538 canisius,
620 3497 828 3538 intellegitur
855 3494 887 3527 G
1017 3496 1037 3528 [3
1063 3494 1320 3528 necessitudinis
1346 3493 1429 3526 conl.
1455 3492 1653 3535 Liitjolcann
1780 3490 1800 3521 9
1825 3490 2076 3532 pollitacionem
2104 3484 2137 3520 G
2270 3484 2312 3517 12
2337 3482 2409 3525 ff]

219 3558 297 3596 fere
323 3555 455 3587 evanuit
482 3553 514 3587 G
671 3553 712 3586 13
736 3554 947 3586 uoluntariae
969 3552 1001 3585 G
1160 3551 1203 3584 14
1227 3551 1488 3584 commendatias
1512 3547 1545 3582 G
1701 3547 1742 3580 16
1767 3549 1920 3590 ingerere
1947 3544 1980 3578 G
2129 3543 2174 3576 23
2197 3542 2348 3576 ascendit
2376 3538 2409 3573 G

229 3613 272 3644 26
297 3624 488 3644 mensuram
505 3610 537 3644 G
653 3611 696 3643 29
721 3611 886 3644 discendit
902 3609 945 3651 G,
970 3611 1109 3643 discedit
1126 3610 1209 3642 coni.
1228 3608 1417 3641 sslommsen
1531 3606 1575 3639 33
1593 3606 1757 3639 discendit
1772 3603 1806 3637 G
1919 3601 1965 3635 34
1981 3600 2111 3644 omnes]
2131 3601 2195 3633 uiri
2213 3599 2294 3632 add.
2318 3598 2411 3640 Vulfy.

230 3669 274 3711 iu]
310 3670 390 3701 mm.
415 3669 521 3710 l'zaly„
551 3682 613 3701 om.
642 3667 675 3700 G
821 3667 863 3699 37
898 3666 1072 3710 centuplo]
1105 3666 1321 3708 Lic'tjolcamz,
1355 3665 1552 3707 centuplum
1581 3661 1614 3696 G
1764 3661 1808 3694 323
1839 3673 1859 3693 a
1883 3658 1986 3703 tinea]
2015 3659 2186 3699 Canisius,
2215 3662 2355 3690 catenea
2382 3652 2415 3688 G

231 3729 453 3760 exterminum
483 3726 513 3759 G
653 3725 696 3758 39
721 3732 814 3759 011511-
843 3723 875 3758 G
969 3723 1030 3767 est]
1058 3726 1131 3756 finit
1156 3723 1237 3756 adel.
1259 3720 1291 3755 G

2426 929 2457 952 10

2432 1486 2464 1510 15

2436 1829 2469 1854 20

2439 2173 2471 2198 25

2442 2517 2475 2541 30

2574 2702 2583 2739 .-·
2579 2653 2583 2683 .-
2580 2630 2583 2638 .
2577 2583 2583 2604 -.
2571 2372 2583 2567 -Λ-Α-Αο-Δ.

2445 2861 2476 2885 35
