2583 4011
1051 230 1111 264 ET
1139 226 1471 264 LOCUTmNUM.

154 349 319 397 gratiose
343 349 421 390 885
447 348 504 392 (cf.
532 347 616 392 Diy.
642 352 694 390 26,
713 351 739 390 7,
759 351 784 389 7,
799 347 844 391 2).
1262 382 1263 387 ¹

155 424 297 459 grave:
323 413 364 447 at
388 412 480 447 tuba
504 410 686 446 terrisono
704 407 865 454 strepuit
881 418 994 453 grave
1021 417 1132 440 rauca
1157 407 1227 439 fra·
1262 422 1265 460 ζ

207 481 297 516 gore
322 470 360 506 C.
386 469 419 504 V
435 470 514 504 408.

156 544 329 580 gressus:
356 532 440 578 quis
457 531 605 577 aequali
625 529 785 575 vestigia
811 531 877 564 tua
899 539 1026 572 gressu
1053 528 1229 571 sequatur
1264 562 1265 567 ¹

207 591 321 632 1592.
1264 579 1266 584 '

156 666 271 700 gryps
301 667 308 688 :
348 664 445 687 nunc
481 651 587 694 ades,
625 662 646 685 o
679 650 821 690 Paean,
863 649 968 683 lauro
1001 647 1059 683 cui
1092 658 1230 692 grypas
1265 645 1267 671 ⁴

204 711 366 746 obuncos
397 709 507 744 docta
540 708 673 753 lupata
706 707 830 752 ligant
863 706 899 741 C.
927 705 1058 746 11307;
1093 716 1231 750 grypas

205 769 243 803 et
267 767 346 813 ipse
371 768 476 802 tenet
502 766 540 802 c.
566 765 743 800 xx1167.
1266 744 1269 801 l

158 841 316 877 gymnas
341 830 378 866 C.
406 830 438 865 V
457 831 534 865 162.
1267 808 1269 841 ³

159 893 466 941 gymnasiarchus
492 907 500 928 z
527 904 683 938 quorum
715 920 722 927 .
753 920 759 927 .
791 892 910 927 luctas
945 919 951 926 .
974 918 980 924 .
1003 920 1010 927 .

205 951 400 987 archorum
426 951 533 996 virga
558 950 729 986 dissolvit
753 951 866 991 2323.

161 1015 446 1051 habitaculum:
472 1014 548 1049 iam
585 1013 808 1050 caelestibus
845 1012 1088 1058 supernisque
1129 1024 1233 1057 prac-

207 1073 306 1108 ludis
331 1072 557 1108 habitaculis
583 1072 672 1113 77,1.

162 1137 232 1172 hac
337 1136 407 1171 hac
512 1137 582 1171 hac
607 1136 720 1176 31‚12.

162 1200 420 1236 haeresiarcha
446 1201 581 1242 10935.
610 1200 742 1240 15828.

163 1264 327 1299 haeresis
352 1264 489 1306 10828.
516 1283 558 1288 -
585 1262 795 1298 haereticus
823 1263 957 1304 10125.
986 1263 1120 1305 10925.

164 1327 459 1363 haesitabundus
483 1327 551 1368 2,3.

164 1385 395 1421 haesitator:
421 1387 464 1420 ut
488 1396 546 1419 me
573 1384 651 1419 eius
676 1384 809 1419 edendi
836 1384 978 1419 diutius
1003 1383 1138 1419 habere
1164 1395 1237 1418 non

212 1442 330 1488 possis
355 1442 621 1477 haesitatorem
649 1442 760 1484 1642.

165 1500 331 1536 hai-ilaus
358 1513 365 1535 :
403 1501 446 1534 ut
562 1500 668 1544 quasi
708 1500 753 1534 de
786 1499 929 1534 harilao
965 1498 1030 1541 (sic
1054 1498 1149 1542 LT1,
1183 1498 1240 1532 hi-

212 1557 306 1593 lario
336 1556 554 1602 PMGFP)
586 1558 712 1592 vetere
743 1568 860 1592 novus
893 1556 989 1591 falco
1023 1568 1240 1602 prorumpas

212 1616 304 1657 812.

170 1673 272 1708 haud
287 1692 328 1698 —
343 1673 400 1708 vel
429 1673 487 1716 (=
508 1672 772 1716 ize—quidem)
792 1686 799 1707 :
826 1674 879 1707 Ac
913 1672 1074 1717 primum
1102 1671 1241 1707 Domiti

213 1731 329 1765 larem
373 1730 488 1765 severi
529 1730 689 1765 intrabis
731 1729 1009 1775 trepidantibus
1047 1729 1241 1764 Camenis:

215 1790 294 1824 tam
327 1788 514 1824 censorius
544 1788 645 1823 haud
680 1787 753 1822 fuit
786 1787 845 1822 vel
871 1787 951 1828 ille,
983 1797 1092 1831 quem
1120 1786 1242 1821 risisse

216 1846 329 1881 semel
354 1846 481 1881 ferunt
504 1846 544 1881 in
570 1857 662 1881 aevo
687 1845 725 1881 C.
751 1845 874 1880 XXIV
889 1846 942 1881 12.

170 1903 431 1939 hebdomada:
457 1915 524 1950 per
548 1903 819 1939 hebdomadam
847 1903 1035 1949 duplicem
1062 1904 1162 1947 1222
1188 1905 1244 1947 (cs.

217 1962 358 1997 Auson.
371 1972 489 2007 opusc.
506 1961 617 1996 XXI
626 1968 654 2006 1,
669 1964 747 2006 22);
762 1961 965 1997 hebdomas
979 1975 987 1997 z
1003 1961 1246 1997 hebdomadis

217 2021 370 2055 exactae
409 2019 534 2066 spatia
570 2019 673 2061 3229
704 2020 760 2063 (es.
794 2020 933 2055 Auson.
958 2030 1074 2064 opusc.
1104 2019 1256 2055 XVIII
1281 2005 1283 2015 ’

219 2082 251 2122 2,
263 2080 356 2122 307).

177 2135 484 2171 hebdomadalis:
511 2135 615 2170 festis
641 2135 976 2170 hebdomadalibus
1005 2135 1115 2177 1529.

174 2193 438 2229 hecatombion
463 2193 501 2229 C.
526 2193 578 2228 IX
591 2193 668 2228 203.

175 2251 403 2287 hederatus:
430 2251 469 2286 in
496 2251 627 2286 castris
653 2251 829 2286 hederate
855 2251 1034 2286 laureatis
1060 2251 1096 2286 C.
1116 2251 1166 2286 IX
1182 2252 1250 2287 295

224 2309 376 2354 (hedera
401 2311 459 2344 ter
482 2309 673 2344 laureatus
696 2309 729 2344 T
727 2309 806 2350 CF,
833 2309 970 2345 hedera
995 2310 1052 2344 ter
1076 2312 1251 2345 aureatus
1286 2302 1287 2346 s

222 2367 350 2412 mdyo).
1286 2356 1287 2362 ¹

177 2424 405 2461 helciarius:
432 2435 627 2459 curvorum
653 2425 786 2460 chorus
811 2424 1074 2460 helciariorum
1098 2426 1143 2461 34
1162 2438 1194 2461 v.
1209 2426 1254 2461 25

223 2483 279 2527 (cll
307 2482 493 2518 Martialis
516 2488 550 2526 4,
567 2487 622 2526 64,
638 2484 707 2527 22).

178 2540 440 2585 hemicyclium
476 2554 483 2575 :

225 2598 316 2640 233.

180 2656 486 2702 heptateuchus:
516 2656 653 2691 librum
695 2655 755 2691 hic
791 2656 872 2701 ipse
909 2656 1085 2701 deportat
1125 2656 1256 2701 hepta·
1292 2650 1293 2674 ³

231 2713 359 2749 teuchi
384 2714 497 2754 88‚10.
1292 2751 1294 2756 Ι

182 2771 359 2806 herbidus
380 2785 388 2806 ε
413 2771 570 2806 herbida
595 2773 719 2807 crusta
744 2772 789 2807 34
805 2783 839 2807 v.
858 2772 912 2806 14.
1292 2762 1295 2808 i

184 2829 388 2865 herbosus:
414 2829 609 2864 marmoris
635 2829 783 2864 herbosi
809 2829 958 2864 radians
984 2829 1073 2865 ordo
1101 2830 1138 2865 C.
1156 2830 1258 2865 V39.

184 2886 404 2922 heremitis:
430 2886 469 2920 in
501 2887 624 2922 medio
657 2887 777 2932 plebis
801 2887 1035 2922 heremitidis
1062 2887 1181 2929 146‚5;
1213 2886 1258 2921 de
1294 2881 1295 2898 ³

231 2944 422 2989 palaestra
477 2945 779 2990 congregationis
829 2944 1062 2980 heremitidis
1116 2945 1258 2986 151,26;
1294 2955 1297 2992 3

235 3002 372 3047 [contra
382 3003 660 3038 institutionem
673 3002 903 3037 eremiticam
913 3001 1184 3045 (heremiticam
1194 3001 1259 3046 G2)

235 3060 274 3096 F.
300 3060 452 3106 scaea.
1295 3047 1297 3057 ¹

187 3118 317 3153 herma
335 3132 342 3154 :
367 3119 473 3154 illum
501 3119 623 3164 ipsum
642 3119 806 3153 hermam
825 3118 1109 3153 stolidissimum
1134 3116 1261 3151 venire

235 3179 323 3212 ante
349 3178 475 3213 oculos
499 3188 600 3212 meos
626 3176 806 3212 arcuerim
833 3175 946 3216 6421.

188 3240 250 3275 hic
273 3251 380 3276 sensu
403 3241 614 3286 temporali:
640 3240 702 3275 hic
733 3239 937 3284 imperator
961 3238 1009 3272 ad
1035 3249 1093 3273 me
1118 3237 1261 3272 cervice

236 3309 438 3334 conversa:
465 3299 612 3343 ‘audio',
646 3298 711 3340 ait,
738 3302 871 3333 ‘comes
897 3295 1046 3337 Sidoni,
1081 3295 1180 3340 quod
1207 3306 1263 3329 sa-

237 3355 350 3390 tiram
374 3357 524 3392 scribas'
556 3357 656 3399 19,11
683 3355 738 3401 [C'fi
763 3356 806 3390 R.
833 3354 1010 3399 321‚15?].

190 3424 280 3460 hinc
309 3433 418 3458 sensa
447 3421 549 3457 locali
573 3434 580 3456 :

1043 890 1232 936 gymnasi-

525 2542 680 2586 excepto
722 2540 803 2575 solii
848 2540 994 2585 capacis
1034 2540 1255 2585 hemicyclio
1290 2579 1292 2589 ‚

613 3419 799 3455 Paeonius
840 3418 926 3452 hinc
963 3418 1116 3463 propter
1152 3417 1266 3460 atque

239 3481 328 3517 hinc
352 3480 537 3516 Athenius
561 3479 682 3521 1822;
708 3477 796 3512 hinc
820 3487 1001 3520 aquarum
1028 3473 1149 3519 surgit
1173 3473 1267 3508 cella

240 3538 431 3575 coctilium
469 3538 566 3579 23‚7;
609 3548 693 3572 cum
732 3545 810 3569 sese
847 3533 936 3568 hinc
973 3532 1111 3567 salsum
1148 3530 1267 3576 portis

241 3597 398 3643 pelagus
434 3595 682 3640 impingeret,
715 3593 804 3628 hinc
840 3619 847 3627 .
866 3619 874 3627 .
896 3619 903 3626 .
935 3591 1014 3636 ipse
1046 3617 1054 3624 .
1072 3617 1079 3624 .
1101 3616 1108 3624 .
1141 3589 1267 3634 lapsus

242 3653 381 3690 umoris
405 3652 658 3688 sordidaretur
682 3651 777 3693 7,12;
814 3661 902 3684 nam
932 3647 1065 3683 similis
1089 3645 1267 3681 scientiae

241 3711 324 3753 viri,
349 3711 438 3746 hinc
461 3709 695 3754 Augustinus
719 3707 808 3742 hinc
831 3707 960 3748 Varro,
985 3705 1073 3739 hinc
1090 3702 1268 3738 Horatius

245 3769 333 3804 hinc
358 3767 585 3803 Prudentius
610 3765 881 3801 lectitabantur
897 3763 1016 3804 31‚19;
1043 3761 1130 3796 hinc
1154 3770 1270 3807 agger

2284 221 2366 262 463

1346 343 1464 383 sonat,
1491 341 1575 375 hinc·
1596 342 1688 374 Arar
1708 339 1874 374 resultat.
1902 338 1987 372 hinc
2014 348 2091 371 sese
2118 335 2229 381 pedes
2254 336 2369 378 atque

1347 410 1458 442 eques
1491 397 1647 432 reflectit
1681 397 1724 431 34
1749 409 1780 430 v.
1800 398 1863 433 ‘222
1896 395 2064 439 gentium
2099 393 2369 428 concitatarum

1348 455 1520 499 procella.
1547 455 1650 489 cuius
1672 454 1842 488 immanis
1869 453 1954 487 hinc
1980 452 2120 487 ethim:
2147 451 2255 485 turbo
2282 452 2370 484 tunc

1349 512 1583 547 inhorruerat
1610 512 1744 551 1;·›7‚11.

1439 581 1541 604 sensu
1558 568 1739 612 temporali
1755 581 1761 602 :
1781 568 1865 601 hinc
1880 569 2000 601 cetera
2018 565 2220 600 Flaminiae
2234 564 2373 610 oppida

1349 627 1494 665 statim.
1531 628 1573 660 ut
1605 624 1859 669 ingrediebar,
1897 637 2063 667 egressus
2185 621 2370 658 transmisi

1351 685 1450 724 722:
1491 684 1576 719 hinc
1611 684 1683 718 ium
1719 682 1903 727 spectabis
1934 683 2032 719 :mm
2072 694 2152 714 vum
2188 709 2194 715 .

1350 743 1476 777 suffita
1582 740 1728 776 cenatio
1756 742 1949 784 spargeret
1974 740 2086 777 3231.

1441 801 1513 842 scre
1546 814 1586 828 =
1617 797 1658 832 dc
1689 809 1726 832 eo
1758 798 1812 840 (esi
1850 796 1996 830 indicem
2033 796 2152 829 (ἰινοΙί
2189 795 2296 828 llnlm
2329 794 2377 826 ml

1351 858 1561 891 ,salvianum
1594 868 1619 890 ε’.
1646 867 1673 890 r.
1700 855 1784 889 hinc
1814 867 1850 899 1).
1881 859 1956 897 174)
1984 867 1990 887 :
2025 853 2114 896 quid
2154 852 2251 886 enim
2291 851 2375 885 hinc

1353 914 1619 959 congruentius
1637 913 1804 948 dixerim.
1823 924 1904 946 cum
1925 911 2034 956 piscis
2052 910 2151 955 pisce
2170 909 2377 953 decipitur?

1352 974 1470 1013 2:3‚1-23
1490 972 1552 1006 scd
1574 975 1696 1006 tamen
1718 971 1802 1004 hinc
1823 970 1877 1003 vel
1898 980 2068 1003 maxume
2089 995 2095 1002 .
2114 995 2121 1002 .
2137 994 2144 1001 .
2163 968 2239 1000 este
2259 965 2375 999 securi

1353 1030 1447 1070 4753
1475 1029 1536 1063 sed
1563 1028 1653 1073 quid
1673 1029 1757 1062 hinc
1776 1026 1964 1072 amplius?
1989 1026 2107 1067 6921;
2134 1024 2163 1059 si
2184 1022 2273 1068 quid
2295 1022 2378 1056 hinc

2217 707 2223 714 .
2246 708 2253 714 .
2288 681 2373 714 hinc

1355 1087 1423 1122 tibi
1462 1087 1610 1131 tuisque
1643 1085 1863 1130 suspicionis
1891 1083 2090 1118 incutitur.
2129 1081 2264 1126 raptim
2291 1080 2380 1115 doec

1354 1146 1471 1185 8122;
1507 1145 1653 1179 noverit
1687 1172 1694 1179 .
1714 1171 1720 1177 .
1741 1172 1748 1178 .
1781 1142 1874 1176 nihil
1910 1140 2060 1175 omnino
2094 1152 2131 1172 sc·
2242 1137 2378 1173 Latiari

1355 1203 1485 1246 lingua
1512 1203 1596 1237 hinc
1623 1212 1727 1247 posse
1755 1200 1932 1234 disserer-¹
1957 1198 2070 1238 233,4.

1452 1276 1492 1290 Ξ
1507 1271 1550 1294 ca:
1562 1261 1646 1294 hoc:
1667 1262 1703 1293 ct
1719 1259 1802 1292 hinc
1819 1269 1928 1301 saepe
1945 1256 2081 1291 caritas
2098 1255 2133 1289 in
2151 1253 2380 1300 patruelibus

1358 1319 1474 1354 iii-aior
1492 1320 1587 1359 5253
1614 1330 1725 1362 quam
1752 1316 1821 1350 sibi
1851 1315 1937 1349 hinc
1962 1317 2086 1359 patres
2115 1312 2228 1347 nostri
2256 1314 2383 1355 gratu-

1358 1378 1550 1412 labantur!
1587 1378 1709 1417 5215„
1739 1374 1799 1408 scd
1828 1384 1894 1407 nec
1921 1372 2006 1406 hinc
2033 1371 2153 1405 minus
2182 1369 2322 1405 lubrica
2347 1371 2384 1403 ct

1358 1435 1450 1470 levis
1470 1435 1587 1476 155,7;
1614 1443 1797 1478 cognosco
1817 1433 1961 1465 vestrae
1981 1429 2096 1475 partis.
2116 1428 2201 1463 hinc
2219 1427 2383 1462 studium

1361 1494 1473 1534 156‚6.

1453 1550 1538 1584 hinc
1576 1548 1675 1593 quod
1707 1561 1713 1582 :
1749 1547 1903 1581 daturus
1947 1545 2031 1579 hinc
2071 1544 2217 1578 veniam
2255 1544 2310 1585 (01.
2348 1542 2385 1577 (J.

1361 1608 1482 1643 xxiv
1497 1608 1572 1650 78),
1606 1605 1704 1650 quod
1731 1604 1952 1639 brevitatem
1985 1602 2055 1636 sibi
2082 1601 2247 1636 debitam
2275 1600 2387 1645 paulo

1362 1664 1612 1711 scrupulosior
1630 1662 1793 1707 epistula
1813 1661 1970 1696 excessit
1985 1660 2088 1699 2628
2104 1660 2148 1702 cf.
2168 1659 2256 1701 :·›7‚4.
2276 1658 2387 1697 6222.

1362 1725 1473 1767 75,18.
1511 1722 1623 1762 7532.
1658 1720 1771 1762 7920.
1804 1720 1841 1754 C.
1867 1718 1999 1758 V324;
2036 1717 2123 1751 hinc
2156 1716 2244 1760 quia
2274 1715 2387 1756 103‚4;

1363 1782 1449 1816 hinc
1476 1782 1531 1815 cst
1556 1779 1654 1824 quod
1683 1778 1793 1815 1264.
1821 1777 1954 1819 14525.
1983 1776 2116 1813 16226.

1318 1845 1586 1891 hip1·›o‹lroimis
1603 1856 1610 1877 z
1630 1842 1697 1876 etsi
1720 1853 1793 1875 non
1810 1839 2087 1885 hippodromus,
2102 1837 2225 1872 saltim
2243 1838 2390 1881 crypto-

1364 1903 1531 1949 porticus
1572 1899 1798 1935 vocitabitur
1835 1898 1938 1937 2420
1971 1896 2238 1942 (hypodromus
2274 1893 2312 1937 T,
2345 1893 2390 1935 cf.

1362 1960 1503 2005 praefi).

1318 2024 1450 2059 hirrire
1478 2024 1612 2063 10628.
1643 2042 1679 2046 -
1710 2019 1864 2054 hiri—itus
1892 2019 2006 2052 171v.
2023 2019 2075 2051 10.

1319 2087 1598 2123 hirundincus:
1632 2095 1748 2129 usque
1789 2082 1837 2117 ad
1880 2081 2085 2116 adventum
2126 2077 2391 2113 hirundineum

1366 2146 1480 2187 38‚18.

1284 2239 1286 2244 .
1323 2209 1481 2255 [hisdem
1509 2208 1546 2243 P.
1573 2206 1708 2247 276,12.
1734 2205 1775 2239 R.
1802 2203 1931 2248 3325}

1321 2272 1558 2308 historialis:
1590 2269 1824 2316 patriarchae
1864 2266 1998 2311 Ioseph
2042 2263 2270 2299 historialem
2309 2261 2394 2295 dili-

1370 2330 1539 2377 gent-iam
1567 2338 1822 2373 comparemus
1849 2325 1984 2366 10213.

1286 2371 1289 2390 ἱ
1324 2396 1448 2441 [homo
1474 2392 1670 2437 (zserrzcs)
1691 2391 1734 2426 R.
1755 2389 1890 2431 33629.
1906 2388 2040 2429 34529.
2051 2387 2105 2422 34.
2126 2385 2238 2427 346,1.
2259 2383 2394 2425 350‚11.

1370 2452 1521 2496 350‚21].

1289 2509 1291 2520 ¹
1325 2517 1559 2552 honoratus:
1591 2514 1666 2548 iam
1700 2514 1827 2557 togam
1867 2510 2069 2544 honoratus
2109 2505 2266 2552 deponit
2300 2505 2396 2546 &183

1373 2574 1614 2619 computatur
1633 2571 1816 2606 honorato
1835 2567 1996 2602 maximo
2014 2565 2188 2600 minimus
2201 2562 2396 2608 religiosus

1375 2632 1517 2673 119.10;
1544 2628 1662 2664 maior
1686 2625 1878 2662 honoratis
1905 2626 1941 2660 C.
1968 2624 1999 2658 V
2017 2624 2092 2658 121.

1327 2693 1586 2739 horoscopium
1612 2691 1725 2732 5:217.

1329 2760 1400 2794 huc
1427 2786 1433 2794 .
1457 2785 1463 2792 .
1483 2785 1490 2792 .
1517 2757 1614 2791 huc:
1642 2754 1783 2800 pariter
1815 2753 1886 2787 huc
1922 2752 2030 2786 iustis
2068 2749 2234 2795 praemia
2267 2760 2399 2793 propo-

1376 2817 1449 2852 sita
1475 2813 1743 2858 contemplans,
1770 2812 1852 2852 huc,
1878 2810 1951 2844 nisi
1976 2809 2116 2844 faceret
2140 2807 2187 2842 ad
2213 2807 2398 2842 Christum

1377 2875 1422 2909 de
1455 2871 1734 2908 circumcisione
1767 2867 2036 2913 transfugium,
2069 2865 2291 2911 praevidens
2323 2876 2400 2899 sese

1377 2943 1442 2978 per
1472 2931 1618 2966 alterna
1654 2927 1803 2963 saecula
1843 2925 2066 2970 aequiterna
2099 2922 2284 2968 supplicia
2319 2934 2401 2967 pas-

1377 3001 1503 3024 surum
1536 2987 1659 3028 145,12
1701 2985 1803 3028 (hinc
1951 2983 2038 3017 hinc
2067 2980 2166 3016 codd.
2196 2983 2336 3024 praeter
2368 2978 2402 3013 L

1374 3048 1522 3090 sonasse
1545 3048 1631 3080 recte
1653 3044 1693 3086 cf.
1720 3043 1876 3086 exempla
1900 3052 1926 3076 s.
1952 3052 1981 3075 v.
2007 3039 2093 3074 hinc
2118 3038 2304 3082 conyasw).

1296 3097 1297 3123 ³
1334 3112 1525 3154 hucusque
1551 3109 1642 3150 sas.
1669 3108 1781 3149 1453.

1334 3170 1518 3204 humanus
1538 3180 1545 3201 ;
1571 3166 1670 3200 inter
1694 3176 1802 3210 agros
1820 3162 2100 3198 amoenissimos
2117 3157 2403 3195 humanissimos

1381 3225 1549 3261 dominos
1575 3226 1722 3269 tempus
1749 3221 1855 3267 exegi
1880 3221 1993 3263 30‚12.

1334 3283 1560 3319 humiliare:
1587 3282 1667 3326 ipse
1700 3280 1765 3315 ille
1795 3290 1898 3314 meus
1923 3277 2063 3313 amicus
2088 3273 2278 3310 humiliari
2303 3273 2403 3314 20‚8;

1383 3341 1567 3377 cervicum
1594 3337 1876 3374 humiliatarum
1901 3335 1991 3376 8853..

1338 3399 1546 3445 [humilitas
1561 3411 1568 3433 :
1587 3395 1813 3432 humilitatis
1826 3405 1929 3429 meae
1943 3393 2042 3428 Caes.
2056 3389 2192 3433 274,31.
2212 3388 2254 3422 lt.
2269 3386 2404 3427 32123.

1384 3458 1487 3498 3482
1514 3456 1556 3499 cf.
1582 3453 1772 3501 pusillitas
1798 3454 1925 3487 nostra
1952 3450 1994 3484 R.
2020 3447 2175 3491 299,22].

1300 3514 1303 3540 ¹
1338 3514 1602 3560 hydraulicus:
1629 3522 1770 3557 organa
1794 3507 2014 3555 hydraulica
2038 3506 2173 3541 sonant
2195 3501 2285 3545 4‚19.

1339 3572 1500 3617 hydrops
1526 3570 1662 3613 15626.

1339 3634 1630 3681 hyperbolic-us:
1657 3631 1756 3676 quod
1787 3641 1854 3665 nec
1887 3640 1952 3675 per
1983 3624 2247 3670 scaturrigines
2272 3623 2406 3667 hyper-

1385 3692 1525 3728 bolicas
1550 3688 1767 3725 intumescit
1791 3688 1903 3729 55‚13.

1340 3755 1545 3803 hypocrisis
1573 3753 1706 3795 14623.
