2583 4011
111 333 152 377 G

228 218 307 258 326
1041 213 1224 249 RURICII
1249 212 1588 248 EPISTULARUM

224 331 309 371 scio
334 330 461 372 enim.
494 329 782 370 exhortationi
810 330 992 385 positam
1026 343 1122 370 csse
1152 329 1411 381 mercedem,
1444 329 1543 384 quia
1573 329 1774 383 legimus:
1807 328 1945 371 flere
1978 343 2087 370 cum
2118 329 2410 383 flentibus,

227 405 268 439 ct
306 413 358 439 ne
402 399 512 440 forte
554 403 598 439 tu
639 399 681 439 in
724 399 880 440 iudicio
919 399 1104 440 diceres:
1154 398 1397 452 quaesivi
1439 398 1521 452 qui
1564 397 1719 438 simul
1762 411 1955 438 mecum
1996 398 2412 440 contristaretur

158 469 276 507 22ct
315 482 408 507 non
447 467 565 511 fuit.
609 472 657 508 ct
689 468 1053 509 consolantes
1087 481 1161 508 me
1195 471 1245 508 et
1275 480 1374 507 non
1406 466 1596 508 inveni.
1657 466 1918 521 perfectiora
1949 480 2050 507 vero
2083 470 2212 521 atque
2243 467 2406 509 maiora

225 535 267 575 in
300 535 518 590 scripturis
551 535 724 586 divinis,
767 535 880 576 unde
913 536 995 576 ista
1027 535 1233 590 decerpta
1265 538 1380 585 sunt,
1420 535 1706 576 instrumenta
1738 535 1958 590 perquire,
1991 535 2025 575 si
2055 535 2120 576 vis
2152 539 2227 576 aut
2259 541 2412 592 coepta

224 604 434 659 perticere
478 609 551 645 aut
594 604 647 644 ad
689 605 875 660 pollicita
919 605 1160 659 pervenire.
1228 603 1345 644 dabit
1384 603 1463 644 tibi
1501 603 1645 644 taliter
1687 603 1912 658 quaerenti
1951 603 2145 644 dominus
2183 604 2409 646 scientiam
2465 615 2480 638 5

157 673 385 726 231011101-
417 678 458 713 et
481 673 694 717 virtutem,
729 677 773 713 nt
806 679 847 713 ct
879 674 991 713 lccta
1013 673 1241 727 intellegas
1266 677 1309 714 et
1331 673 1554 713 intellecta
1577 672 1808 715 custodias.
1859 687 1958 714 nam
1980 677 2104 729 pater
2125 673 2411 728 orphanorum

225 747 268 782 et
300 741 458 781 arbiter
488 741 712 781 viduarum
746 755 841 781 cum
873 745 915 781 tc
948 740 1000 781 de
1033 755 1077 781 se
1110 746 1276 781 tantum
1311 754 1486 796 sperare
1519 741 1816 795 conspexerit,
1856 744 1899 781 et
1930 742 2102 796 pupillis
2134 742 2218 782 tuis
2251 742 2412 783 tribuet

223 821 399 865 paterna
434 811 595 865 pictate
629 809 891 864 praesidium
925 814 967 850 ct
998 815 1040 851 te
1073 811 1420 852 remuneratione
1453 809 1606 850 iudicis
1639 810 1848 865 perducet
1881 810 1935 851 ad
1966 811 2218 866 praemium.

1255 1038 1376 1081 XVI.

428 1141 664 1182 DOMINO
700 1141 931 1183 SANOTO
966 1141 1040 1183 ET
1072 1140 1446 1182 APOSTOLICO
1478 1141 1557 1182 AO
1589 1141 1728 1182 MIHI
1761 1141 1918 1183 PRAE
1952 1141 2203 1183 OETERIS

260 1210 318 1250 ΙΝ
354 1210 609 1250 cnlns'ro
643 1210 879 1251 DOMINO
915 1210 1111 1251 CULTU
1143 1208 1543 1256 AFFECTUQUE
1576 1209 1978 1251 PECULIARIUS
2010 1210 2376 1253 EXCOLENDO

371 1279 649 1320 PATRONO
682 1279 757 1319 ET
790 1280 987 1321 PAPAE
1020 1279 1249 1321 AEONIO
1281 1278 1573 1319 EPISCOPO
1606 1278 1889 1320 RURICIUS
1921 1279 2264 1321 EPISCOPUS.

186 1399 196 1435 l
361 1382 501 1440 :Xx‘rs
540 1413 724 1454 paucum
763 1404 934 1455 tempus
978 1400 1146 1441 litteras
1187 1403 1359 1441 vestrae
1401 1399 1642 1440 sanctitatis
1681 1399 1847 1454 accepi,
1891 1399 2045 1453 quibus
2086 1400 2215 1441 etiam
2252 1400 2305 1442 de
2346 1401 2411 1442 in-

221 1469 492 1510 officiositate
525 1470 633 1510 tanti
665 1469 880 1510 habuistis
913 1469 1192 1510 affectuosius
1225 1483 1511 1517 commonere,
1545 1468 1755 1510 dicentes:
1799 1468 1942 1509 nihil
1979 1469 2224 1511 caritate
2256 1484 2412 1525 prae-

180 1539 487 1579 2stantius.
564 1538 674 1593 quod
721 1552 802 1592 ego
848 1538 973 1578 valde
1019 1552 1169 1579 verum
1224 1552 1321 1579 esse
1367 1538 1568 1579 confirmo
1621 1542 1664 1579 et
1713 1537 1950 1578 secundum
1998 1539 2243 1593 apostolum
2292 1539 2411 1580 illam
2472 1558 2479 1572 ›

219 1608 442 1648 caritatem
475 1607 568 1647 dico
604 1622 700 1648 csse
732 1607 969 1662 perfectam
1010 1612 1053 1648 et
1093 1607 1344 1659 sublimem,
1389 1621 1498 1662 quae
1537 1607 1598 1648 de
1639 1606 1789 1648 corde
1826 1620 1948 1661 puro
1989 1611 2038 1648 et
2077 1607 2415 1649 conscientia

220 1677 349 1716 bona
389 1682 440 1717 et
478 1675 593 1717 fide
631 1690 731 1716 non
764 1677 905 1717 ficta
936 1677 1214 1731 procedit,
1255 1691 1364 1732 quae
1397 1678 1519 1718 iuxta
1550 1676 1735 1718 eundem
1767 1676 2010 1731 apostolum
2047 1676 2266 1731 patiens
2310 1681 2413 1730 est,

220 1745 449 1799 benigna
492 1748 596 1786 est.
646 1758 782 1799 quae
824 1759 922 1785 11011
964 1745 1220 1798 inflatur,
1262 1760 1360 1786 11011
1403 1745 1715 1797 aemulatur,
1759 1758 1861 1785 11011
1904 1745 2113 1799 (11100111
2151 1759 2281 1800 (11100
2320 1759 2414 1787 sua

221 1821 357 1857 sunt,
414 1827 509 1854 non
555 1812 744 1867 gaudet
791 1827 946 1869 super
991 1813 1316 1869 iniquitate,
1371 1813 1659 1869 congaudet
1709 1817 1889 1854 autem
1934 1813 2176 1866 veritati,
2234 1814 2414 1856 omnia

181 1887 202 1922 3
220 1882 401 1934 credit,
435 1882 605 1923 omnia
636 1886 832 1937 sperat,
867 1887 918 1924 et
948 1883 1073 1924 inde
1107 1887 1209 1931 est,
1247 1883 1386 1938 quod
1416 1897 1684 1938 numquam
1717 1882 1874 1924 cadit.
1934 1883 2140 1938 patiens
2174 1886 2271 1935 est,
2312 1883 2412 1938 quia

218 1962 365 1991 contra
395 1951 702 2006 temptationes
736 1952 901 1992 saeculi
923 1953 992 1993 vel
1023 1953 1234 2007 procellas
1266 1953 1310 1993 in
1341 1952 1469 1994 deum
1501 1952 1645 1993 defixa
1675 1955 1840 2007 perstat
1870 1951 2119 1993 immobilis.
2176 1951 2413 2006 benigna

218 2027 320 2071 est,
352 2021 451 2076 quia
473 2022 767 2077 proximorum
790 2021 1053 2076 profectibus
1079 2022 1332 2064 delectatur.
1385 2036 1486 2063 non
1508 2022 1765 2070 inflatur,
1798 2021 1900 2076 quia
1922 2035 2008 2061 non
2030 2020 2226 2076 superbit
2245 2020 2411 2064 humili.

218 2104 316 2130 non
359 2090 674 2136 aemulatur,
723 2091 820 2145 quia
866 2091 1059 2132 invidere
1108 2092 1248 2133 nescit
1295 2092 1480 2146 aequali.
1550 2105 1648 2132 non
1691 2090 1900 2146 quaerit
1940 2104 2074 2145 quae
2120 2104 2218 2130 sua
2264 2094 2412 2142 sunt,

218 2159 318 2199 dum
351 2160 472 2200 iuxta
504 2158 666 2200 domini
698 2160 960 2201 sententiam
991 2161 1072 2201 sibi
1105 2162 1236 2202 etiam
1268 2161 1467 2202 minimos
1499 2160 1727 2216 anteponit
1760 2164 1803 2201 et
1840 2160 2019 2200 aliorum
2058 2158 2282 2200 commoda
2322 2159 2410 2199 suis

177 2232 431 2269 »tmere-atur
468 2228 764 2270 incommodis.
833 2243 928 2269 non
969 2229 1161 2284 gaudet
1204 2244 1358 2285 super
1399 2230 1728 2285 iniquitate,
1772 2229 1872 2284 quia
1912 2228 2067 2270 laetari
2107 2228 2189 2269 nisi
2232 2227 2412 2268 fratrum

217 2297 501 2352 prosperitate
546 2311 632 2338 non
677 2297 810 2338 novit.
886 2298 1174 2353 congaudet
1220 2303 1404 2341 autem
1449 2299 1690 2351 veritati,
1737 2298 1837 2353 quia
1883 2298 2067 2338 amicum
2114 2297 2281 2338 sincera
2325 2310 2410 2337 non

216 2367 359 2407 fucata
394 2366 623 2407 dilectione
647 2371 880 2407 veneratur
911 2381 991 2408 nec
1023 2367 1134 2409 falsa
1157 2367 1404 2409 adulatione
1428 2368 1679 2420 subsannat,
1714 2367 1791 2409 sed
1812 2381 1915 2409 vero
1938 2367 2097 2408 honore
2121 2366 2410 2408 concelebrat.

216 2435 383 2475 01111110
417 2434 609 2487 credit,
643 2435 743 2489 quia
764 2435 807 2475 in
830 2435 1045 2476 mandatis
1068 2436 1223 2478 divinis
1253 2438 1564 2493 promissisque
1587 2436 1775 2479 confidit.
1826 2441 1870 2478 et
1891 2436 1987 2477 ideo
2012 2436 2181 2477 omnia
2212 2440 2410 2490 sperat,

216 2504 315 2557 (11110
357 2518 433 2558 pro
474 2504 664 2544 minimis
696 2517 875 2558 magna,
916 2519 994 2560 pro
1028 2505 1200 2546 caducis
1233 2511 1464 2562 perpetua,
1508 2520 1584 2561 pro
1616 2505 1925 2561 temporalibus
1960 2509 2138 2546 aeterna
2170 2504 2253 2545 sibi
2284 2504 2410 2545 retri-

176 2572 387 2613 bbuenda
427 2587 510 2613 11011
550 2572 740 2627 ambigit.
807 2587 1084 2629 numquam
1125 2574 1289 2627 cadit,
1338 2575 1438 2629 quia
1473 2574 1692 2616 humilitas
1739 2574 1902 2615 habere
1943 2588 2030 2615 non
2065 2578 2210 2630 potest
2247 2587 2408 2625 casum,

217 2655 313 2681 cum
346 2641 507 2682 habeat
539 2656 710 2697 semper
740 2656 989 2695 ascensum,
1033 2648 1076 2685 et
1115 2658 1211 2684 cum
1250 2644 1411 2699 iugiter
1448 2645 1624 2686 excelsa
1659 2644 1908 2696 meditetur,
1948 2643 2144 2685 habitare
2184 2647 2330 2684 tamen
2366 2643 2409 2682 in

217 2710 473 2751 sublimibus
505 2725 589 2751 non
613 2712 863 2766 praesumit.
916 2727 1013 2753 cum
1045 2714 1312 2755 conversatio
1344 2714 1437 2754 eius
1469 2713 1681 2755 habeatur
1711 2714 1754 2754 in
1778 2714 1924 2765 caelis,
1957 2713 2052 2768 ipsa
2074 2716 2220 2753 tamen
2241 2711 2411 2753 videtur

216 2778 451 2820 adhaerere
491 2780 692 2832 terrenis,
735 2781 913 2822 excelsa
950 2796 1099 2836 opere,
1140 2786 1285 2823 mente
1324 2782 1512 2833 deiecta,
1552 2782 1719 2823 habens
1759 2781 1874 2823 unde
1914 2782 2122 2836 glorietur
2159 2781 2201 2821 in
2240 2780 2408 2821 domino

175 2851 199 2887 b*
216 2862 294 2888 nec
336 2855 481 2888 tamen
525 2849 761 2890 extollatur
799 2850 841 2890 in
883 2851 1068 2893 saeculo.
1136 2851 1262 2904 haec,
1312 2851 1412 2907 quia
1450 2851 1632 2903 iussisti,
1680 2851 1870 2892 scribere
1912 2864 1999 2891 11011
2039 2863 2116 2905 pro
2166 2848 2408 2890 eruditione

214 2921 359 2956 nostra
394 2916 469 2957 scd
501 2931 577 2971 pro
610 2922 754 2959 vestra
786 2919 1033 2974 dignatione
1066 2922 1353 2977 praesumpsi.
1405 2926 1598 2963 vestrum
1629 2934 1732 2962 vero
1764 2924 1830 2962 est
1862 2934 1941 2961 nos
1975 2919 2157 2960 edocere
2188 2917 2330 2959 verbis
2363 2921 2407 2958 et

215 2984 267 3025 ad
312 2985 421 3026 hanc
470 2986 651 3027 eandem
699 2989 918 3030 caritatem
965 3004 1200 3045 provocare
1249 3004 1421 3046 semper
1467 2990 1700 3046 exemplis,
1754 2989 1855 3045 quia
1901 2988 2096 3039 (11100110,
2149 3000 2260 3041 quae
2305 2990 2407 3026 ante

216 3054 502 3107 cognitionem
542 3063 688 3096 mutua
730 3057 840 3099 inter
881 3059 1084 3100 absentes
1127 3060 1378 3115 epistulario
1424 3060 1628 3100 inchoata
1674 3073 1872 3100 sermone
1913 3071 2084 3112 semper
2120 3061 2164 3097 et
2199 3055 2288 3096 fota
2329 3058 2406 3106 est,

216 3123 374 3164 debeat
407 3125 553 3178 augeri
588 3128 802 3181 corporali
834 3129 1000 3171 visione
1034 3144 1118 3170 non
1149 3130 1282 3170 minui
1315 3134 1358 3170 et
1390 3143 1587 3171 crescere
1622 3129 1793 3181 intuitu,
1827 3141 1938 3183 quae
1972 3126 2113 3181 coepit
2144 3125 2290 3165 affatu.

351 3305 367 3338 1
396 3305 499 3339 Rom.
526 3305 605 3339 xn.
632 3308 685 3341 15.
811 3309 831 3341 ‘2
860 3310 914 3344 ps.
942 3310 1104 3352 wan,
1130 3312 1184 3345 21.
1310 3313 1331 3346 0
1357 3312 1414 3346 Ps.
1441 3311 1585 3352 LXVII,
1612 3312 1641 3345 c.
1770 3311 1812 3344 10
1838 3310 1864 3345 Ι.
1883 3309 1977 3343 Tim.
2004 3308 2031 3350 1,
2056 3309 2088 3343 5-
2214 3306 2256 3341 17
2282 3306 2406 3341 [001-

216 3360 313 3402 XIII,
339 3363 439 3396 4—8.
580 3364 623 3396 24
650 3364 780 3398 Matth.
809 3365 919 3408 XXV,
944 3368 999 3402 40.

352 3466 368 3498 1
396 3468 452 3508 qui
483 3466 514 3498 (1'
654 3468 675 3500 2
700 3469 819 3501 diceris
848 3469 879 3500 (ι’
1018 3471 1037 3503 4
1071 3473 1236 3515 discerpta
1268 3472 1299 3505 (ι’
1439 3473 1460 3505 ss
1486 3474 1564 3505 licta
1592 3471 1623 3503 (ι’
1773 3471 1791 3504 7
1824 3473 1942 3504 tribuit
1968 3470 2001 3503 G
2147 3470 2169 3503 8
2194 3469 2346 3513 Pffl'dueit
2372 3466 2405 3500 G

217 3523 256 3554 15}
288 3525 413 3565 quilius
440 3523 471 3554 (τ’
631 3524 672 3557 17
699 3525 775 3568 fide]
803 3529 877 3559 ficte
903 3542 989 3560 corr.
1017 3530 1080 3562 fide
1109 3528 1160 3560 (1¹¹
1321 3530 1362 3562 159
1395 3531 1571 3572 iniquitati¹
1600 3529 1631 3561 G
1773 3528 1832 3560 ⁵⁸2⁴)
1864 3528 1963 3570 eadit]
1988 3530 2083 3572 '‘T‘'ffffl
2111 3529 2131 3560 l·
2152 3529 2209 3567 ‘30’
2241 3527 2337 3559 cadet
2363 3523 2406 3565 θ’

213 3581 336 3611 excidit
367 3581 458 3623 I'nlgs.
599 3582 639 3614 21
668 3592 811 3626 praestat
841 3584 873 3615 (τ’
1012 3585 1054 3618 2?
1082 3590 1198 3630 sugam
1223 3587 1253 3619 G
1349 3589 1509 3620 subsanat
1538 3586 1570 3618 (i
1709 3586 1752 3619 36
1777 3586 1929 3628 eandem]
1956 3599 1977 3618 n
2002 3598 2028 3618 ³.
2054 3587 2074 3618 l.
2095 3583 2148 3616 G¹
2242 3594 2349 3615 exem·
2370 3579 2403 3613 G

213 3636 258 3668 33
290 3638 431 3671 debeant
460 3639 490 3671 G

2449 1154 2482 1177 10

2449 1892 2482 1917 20

2447 2581 2480 2605 30

2443 2926 2475 2949 35
