2583 4011
213 149 224 187 1
239 149 261 177 ⁸)
1028 141 1208 177 SIDONH
1232 140 1575 178 EPISTULARUM

209 259 508 315 opperirentur
528 264 569 299 ct
592 258 645 300 ab
673 257 884 299 industria
908 258 1091 313 squalidi
1110 257 1453 314 praeripuissent
1475 271 1547 298 reo
1572 256 1762 298 debitam
1782 256 2104 301 miserationem
2129 260 2207 301 sub
2231 260 2393 304 invidia

206 327 534 369 sordidatorum.
596 328 715 368 citati
744 328 1108 368 intromittuntur:
1142 331 1301 382 partes,
1325 331 1372 367 ut
1398 327 1527 367 moris
1555 330 1633 374 est,
1663 340 1685 367 0
1714 326 1891 380 regione
1912 328 2164 371 consistunt.
2213 331 2394 372 offertur

206 395 500 450 praefectoriis
548 401 646 436 ante
694 396 1002 451 propositionis
1051 395 1275 437 exordium
1322 395 1387 435 ius
1436 394 1636 435 sedendi:
1684 393 1912 435 Arvandus
1959 396 2044 437 iam
2086 401 2187 440 tunc
2228 399 2392 441 infelici

206 463 473 518 impudentia
513 464 679 505 concito
713 464 848 519 gradu
887 464 1040 505 mediis
1079 478 1214 519 prope
1254 463 1443 503 iudicum
1476 462 1637 503 sinibus
1679 462 1912 516 ingeritur;
1942 463 2175 506 Ferreolus
2208 467 2389 508 circum-

207 532 456 573 sistentibus
488 533 625 574 latera
657 533 836 587 collegis
864 532 1106 573 verecunde
1138 546 1187 572 ac
1218 532 1373 572 leviter
1404 531 1447 571 in
1479 531 1563 571 imo
1592 531 1899 571 subselliorum
1926 533 2068 587 capite
2096 534 2306 586 consedit,
2333 537 2394 577 ita

204 604 251 639 ut
282 614 367 641 non
399 602 537 641 minus
563 602 755 655 legatum
786 615 830 641 se
855 615 981 654 quam
1008 605 1253 641 senatorem
1281 600 1649 651 reminisceretur,
1682 600 1778 655 plus
1812 599 1866 640 ob
1898 600 1978 641 hoc
2010 605 2165 656 postea
2194 603 2392 645 laudatus

143 670 188 706 10
205 667 537 724 honoratusque.
606 670 705 710 dum
745 669 872 712 hace.
913 674 955 709 et
997 669 1069 723 qui
1118 681 1345 723 procerum
1383 667 1612 708 defuerant
1659 668 1894 708 affuerunt:
1943 675 2207 724 consurgunt
2247 676 2394 727 partes

205 736 423 792 legatique
457 743 713 794 proponunt.
775 738 959 793 epistula
1000 742 1099 793 post
1137 736 1402 792 provinciale
1434 735 1702 787 mandatum,
1742 737 1862 777 cuius
1901 751 2031 792 supra
2068 740 2229 780 mentio
2268 740 2395 794 facta,

204 806 440 860 profertur:
474 812 624 861 atquc,
659 821 755 847 cum
789 806 951 847 sensim
987 806 1262 855 recitaretur,
1296 805 1526 846 Arvandus
1564 805 1748 846 necdum
1788 806 2080 860 interrogatus
2126 821 2172 848 se
2207 808 2393 851 dictasse

203 876 452 928 proclamat.
514 875 776 930 respondere
808 875 939 929 legati
972 888 1229 929 quamquam
1264 873 1450 929 <fatenti>
1486 875 1686 929 nequiter
1719 873 1857 929 <sane>
1893 879 2115 927 constare,
2149 877 2261 930 quod
2293 878 2386 933 ipsc

204 942 423 983 dictasset.
471 949 513 983 at
534 944 607 984 ubi
633 958 678 984 se
696 944 841 984 furens
868 943 940 983 ille
959 947 1251 997 quantumque
1272 942 1448 983 caderet
1468 942 1643 997 ignarus
1661 942 1728 983 bis
1746 946 1895 997 terque
1919 944 2106 998 repetita
2122 945 2395 988 confessione

206 1011 445 1052 transfodit.
480 1013 741 1052 acclamatur
772 1013 825 1053 ab
859 1012 1199 1064 accusatoribus,
1233 1013 1528 1053 conclamatur
1549 1026 1574 1052 a
1596 1010 1812 1051 iudicibus
1839 1025 1959 1052 reum
1984 1012 2130 1054 laesae
2156 1014 2396 1056 maiestatis

206 1080 481 1120 confitentem
523 1081 674 1121 teneri.
743 1081 796 1121 ad
838 1081 920 1122 hoc
960 1084 1002 1122 et
1041 1081 1214 1121 milibus
1255 1081 1535 1121 formularum
1576 1080 1680 1120 iuris
1713 1078 1756 1119 id
1789 1079 2058 1121 sancientum
2102 1081 2392 1137 iugulabatur.

141 1149 292 1188 lltum
344 1148 516 1189 demum
562 1149 805 1191 laboriosus
852 1149 975 1190 tarda
1019 1150 1300 1205 paenitudine
1349 1149 1623 1204 loquacitatis
1676 1148 1930 1203 inpalluisse
1978 1149 2249 1204 perhibetur,
2299 1167 2395 1194 sero

205 1229 472 1269 cognoscens
505 1231 634 1272 posse
668 1232 789 1259 reum
823 1219 1062 1259 maiestatis
1095 1218 1368 1273 pronuntiari
1401 1218 1531 1259 etiam
1565 1231 1676 1269 eum,
1710 1217 1781 1271 qui
1812 1230 1898 1257 non
1930 1216 2180 1260 affectasset
2201 1220 2397 1262 habitum

204 1290 548 1339 purpuratorum.
620 1287 848 1328 confestim
892 1288 1130 1343 privilegiis
1171 1287 1370 1342 geminae
1414 1286 1736 1342 praefecturae,
1781 1299 1908 1340 quam
1947 1299 2024 1340 per
2055 1287 2396 1342 quinquennium

203 1353 400 1406 repetitis
433 1354 622 1395 fascibus
653 1360 842 1407 rexerat,
874 1360 1167 1410 exauguratus
1202 1360 1258 1407 et,
1290 1356 1489 1412 plebeiae
1522 1355 1711 1396 familiae
1744 1368 1830 1394 non
1855 1357 1901 1394 ut
1926 1353 2096 1395 additus
2130 1356 2206 1397 sed
2236 1361 2283 1398 ut
2304 1358 2399 1399 red-

204 1420 333 1463 ditus.
365 1422 540 1477 publico
575 1425 736 1465 carceri
768 1424 1040 1465 adiudicatus
1081 1428 1157 1465 est.
1229 1424 1336 1465 illud
1378 1438 1482 1466 sane
1524 1422 1973 1475 aerumnosissimum,
2012 1423 2136 1464 sicuti
2168 1439 2398 1468 narravere

205 1490 274 1543 qui
309 1490 522 1534 viderant.
555 1491 689 1546 quod,
722 1493 822 1547 quia
855 1507 900 1534 se
933 1493 1012 1534 sub
1045 1493 1194 1534 atratis
1226 1493 1549 1534 accusatoribus
1583 1495 1839 1533 exornatum
1877 1491 1951 1532 ille
1989 1492 2255 1548 politumque
2287 1495 2400 1536 iudi-

206 1557 328 1597 cibus
362 1559 584 1605 intulerat,
617 1561 744 1614 paulo
777 1566 896 1615 post,
930 1575 1026 1602 eum
1059 1561 1291 1602 duceretur
1321 1561 1537 1613 addictus,
1567 1561 1700 1602 miser
1731 1574 1812 1601 nec
1843 1559 2103 1601 miserabilis
2137 1566 2244 1603 erat.
2304 1564 2399 1618 quis

204 1626 318 1666 enim
352 1641 481 1683 super
513 1632 627 1668 statu
660 1629 752 1669 eius
786 1629 913 1670 nimis
947 1630 1256 1683 inflecteretur,
1289 1645 1417 1686 quem
1440 1630 1608 1672 videret
1630 1632 1877 1670 accuratum
1900 1629 2224 1685 delibutumque
2256 1631 2397 1673 lautu-

142 1695 300 1735 12miis
334 1701 407 1736 aut
444 1698 661 1749 ergastulo
694 1697 874 1739 inferri?
908 1698 985 1740 sed
1018 1704 1060 1740 et
1091 1699 1249 1740 iudicio
1284 1700 1358 1740 vix
1388 1714 1467 1755 per
1497 1698 1814 1740 hebdomadam
1846 1697 2063 1752 duplicem
2097 1700 2398 1754 comperendi-

205 1769 305 1804 nato
340 1766 480 1820 capite
514 1767 720 1807 multatus
754 1767 796 1807 in
828 1767 1014 1808 insulam
1048 1769 1270 1809 coniectus
1304 1773 1371 1810 est
1401 1768 1615 1824 serpentis
1640 1766 1864 1822 Epidauri,
1895 1766 1970 1807 ubi
2000 1781 2138 1821 usque
2171 1767 2225 1809 ad
2256 1769 2399 1810 inimi-

212 1847 359 1874 corum
400 1833 591 1875 dolorem
635 1835 946 1877 devenustatus
990 1841 1033 1877 et
1071 1851 1095 1877 a
1125 1836 1255 1878 rebus
1293 1836 1494 1877 humanis
1533 1836 1668 1877 veluti
1708 1835 1873 1876 vomitu
1911 1834 2108 1876 fortunae
2147 1838 2399 1878 nauseantis

205 1907 438 1957 exsputus,
480 1917 593 1944 nunc
638 1918 693 1945 ex
724 1908 872 1945 vetere
916 1907 1293 1948 senatusconsulto
1326 1906 1560 1947 Tiberiano
1592 1904 1769 1959 triginta
1809 1903 1976 1945 dierum
2007 1904 2140 1946 vitam
2170 1909 2269 1960 post
2301 1921 2400 1948 sen-

203 1971 385 2011 tentiam
417 1972 568 2018 trahit,
613 1987 771 2014 uncum
810 1978 853 2015 et
885 1973 1120 2016 Gemonias
1161 1980 1204 2017 et
1236 1976 1437 2030 laqueum
1467 1988 1547 2030 per
1576 1973 1704 2014 horas
1735 1972 1974 2014 turbulenti
2007 1973 2217 2014 carnificis
2249 1974 2400 2016 horre-

138 2040 185 2078 13
204 2053 342 2081 scens.
402 2054 481 2081 nos
506 2041 692 2095 quidem,
725 2047 851 2098 prout
873 2043 1082 2096 valemus,
1112 2045 1318 2086 absentes
1341 2047 1684 2100 praesentesque
1706 2045 1807 2083 vota
1830 2041 2025 2094 facimus,
2056 2056 2209 2098 preces
2234 2043 2400 2100 suppli-

203 2108 481 2164 cationesque
513 2109 806 2164 geminamus,
838 2116 886 2153 ut
917 2127 1130 2168 suspenso
1163 2114 1251 2155 ictu
1282 2113 1368 2154 iam
1399 2113 1572 2167 iamque
1603 2111 1822 2153 mucronis
1855 2112 1996 2153 exerti
2027 2111 2167 2167 pietas
2198 2111 2401 2168 Augusta

340 2292 357 2324 1
386 2294 597 2336 operirentur
614 2295 642 2327 C
707 2296 834 2327 invidia
850 2296 886 2327 1⁴72
903 2307 973 2327 ras.
989 2295 1021 2327 P
1029 2296 1052 2337 ¹,
1076 2297 1205 2329 invidia
1224 2297 1274 2338 M,
1298 2298 1432 2340 iniuria,
1458 2298 1548 2339 quod
1572 2309 1596 2329 s.
1624 2297 1644 2329 l.
1672 2297 1752 2329 add.
1782 2295 1829 2328 M
1838 2296 1861 2337 ¹,
1886 2307 1972 2327 eras.
1987 2296 2050 2327 11Ιῖ
2166 2295 2188 2328 2
2213 2296 2326 2330 citati.
2346 2320 2353 2328 .
2369 2321 2376 2328 .
2392 2321 2399 2329 .

203 2370 224 2403 4
250 2372 415 2415 ingeritur
434 2380 573 2416 praeter
599 2377 699 2408 moris
724 2382 773 2408 est
799 2388 815 2408 e
841 2387 902 2418 reg
929 2401 935 2408 .
953 2402 958 2408 .
980 2402 1008 2409 ..
1038 2377 1132 2409 toriis
1156 2382 1234 2410 ante
1252 2378 1433 2421 propositio
1453 2402 1460 2410 .
1480 2403 1486 2410 .
1507 2402 1515 2410 .
1535 2403 1542 2410 .
1560 2403 1567 2410 .
1583 2377 1753 2410 arvandus
1777 2377 1843 2409 iam
1867 2381 1950 2409 tunc
1974 2377 2009 2409 in
2028 2401 2035 2408 .
2055 2402 2060 2409 .
2082 2401 2088 2409 .
2109 2402 2116 2410 .
2134 2377 2265 2409 concito
2290 2376 2397 2419 gradu

204 2453 321 2521 pifediis
355 2465 456 2497 prope
482 2455 552 2487 iudi
574 2480 603 2487 ..
623 2481 629 2487 .
647 2480 654 2487 .
679 2457 809 2498 geritur
834 2457 902 2499 (les.
933 2457 969 2488 ἰη
995 2456 1031 2488 F
1166 2469 1184 2490 e
1210 2459 1347 2500 regione
1378 2463 1417 2490 ut
1444 2458 1544 2491 moris
1570 2463 1621 2490 est
1648 2457 1680 2488 T
1858 2455 1880 2488 4
1903 2457 2012 2499 gradu
2032 2455 2215 2498 LMTFP,
2238 2468 2358 2500 gressu
2375 2456 2404 2488 C

201 2533 333 2564 sinibus
351 2533 407 2565 JI¹
436 2533 464 2574 (1
483 2535 504 2565 fi
526 2545 613 2566 erog.
633 2534 723 2577 Δ112),
748 2536 873 2567 finibus
899 2535 934 2575 (fi
955 2547 1040 2568 corr.
1062 2536 1097 2568 in
1121 2537 1148 2568 si
1173 2536 1237 2579 T2)
1258 2537 1290 2568 T
1377 2538 1541 2570 ferreolus
1560 2537 1887 2569 circumsistentibus
1900 2535 2081 2578 MTOFP,
2104 2548 2164 2579 pra
2185 2535 2284 2579 (spat.
2301 2537 2322 2568 3
2339 2536 2399 2569 litt.

201 2613 286 2651 raa)
312 2614 418 2645 torius
447 2613 546 2655 (epm.
576 2617 594 2646 7
617 2615 675 2647 litt.
702 2616 788 2655 rac.)
814 2616 987 2656 sistentib;
1002 2615 1033 2647 L
1134 2614 1155 2648 5
1180 2617 1284 2649 latera
1302 2623 1443 2659 praeter
1468 2618 1500 2649 la
1525 2617 1593 2659 def.
1615 2617 1651 2649 in
1664 2617 1701 2648 F
1801 2616 1821 2648 6
1846 2628 1881 2649 se
1898 2617 1933 2649 in
1950 2628 2021 2648 ras.
2037 2616 2087 2647 P¹
2196 2614 2215 2648 7
2240 2616 2321 2648 dum
2336 2614 2406 2647 ΕΤ

202 2690 223 2723 S
248 2692 350 2734 legati
365 2692 439 2731 «som.
459 2693 539 2735 que)
557 2694 620 2726 CT
718 2695 918 2737 provintiale
935 2695 990 2743 F*
1065 2701 1144 2738 post
1169 2697 1256 2728 facta
1281 2697 1342 2738 leq.
1368 2701 1418 2729 est
1442 2697 1478 2729 in
1499 2696 1535 2737 Τ,
1558 2694 1616 2729 -ἷ-
1641 2708 1666 2728 s.
1693 2698 1714 2728 l.
1740 2697 1821 2729 add.
1839 2696 1902 2728 M¹
2059 2694 2102 2728 10
2127 2696 2245 2728 fatenti
2269 2695 2400 2738 scripsi,

202 2783 264 2803 om.
292 2778 376 2813 spat.
397 2775 416 2803 :3
444 2772 501 2803 litt.
526 2784 594 2804 rac.
614 2772 656 2813 L,
682 2774 779 2806 valde
804 2774 835 2805 T
834 2774 902 2815 CF,
926 2747 1025 2808 vallde
1047 2776 1120 2817 ssI2,
1151 2776 1260 2808 valide
1286 2775 1332 2816 (id
1358 2776 1392 2808 in
1416 2788 1487 2809 ras.
1514 2776 1547 2808 P
1556 2776 1581 2817 ¹)
1601 2777 1634 2808 P
1769 2782 1846 2809 aute
1872 2777 2028 2818 nequiter
2051 2787 2076 2808 s.
2108 2777 2129 2807 l.
2156 2776 2238 2808 add.
2267 2787 2306 2808 ac
2335 2775 2380 2808 M
2384 2776 2398 2795 ²

202 2863 280 2883 sane
298 2858 451 2884 constare
468 2853 598 2895 scripsi,
624 2865 685 2885 (tm.
710 2860 796 2896 spat.
814 2858 854 2886 12
872 2856 932 2887 litt.
949 2868 1020 2889 rac.
1035 2856 1077 2897 L,
1101 2861 1270 2889 constaret
1286 2856 1330 2888 M
1334 2856 1366 2887 T
1362 2856 1436 2898 FP,
1461 2861 1653 2889 constanter
1674 2857 1702 2889 C*
1836 2855 1881 2889 12
1899 2861 1979 2899 post
2002 2867 2099 2889 reum
2117 2856 2177 2898 leq.
2194 2867 2230 2888 se
2246 2856 2282 2888 in
2299 2855 2399 2897 CFP,

203 2930 262 2962 sed
287 2932 446 2972 expuam
470 2931 521 2963 Ι)1
618 2933 799 2966 maiestatis
824 2935 914 2967 lesae
942 2935 1004 2967 CF
1141 2933 1182 2967 13
1208 2936 1434 2967 sanctientum
1466 2935 1560 2967 TCF
1701 2933 1744 2967 14
1770 2936 1978 2978 impalluisse
2006 2933 2088 2967 MF
2175 2935 2348 2978 peribetur
2374 2934 2403 2967 Ο

203 3009 244 3042 15
270 3012 462 3053 magestatis
490 3012 518 3043 C
632 3014 846 3055 pronunciari
875 3014 948 3046 MC
1135 3014 1178 3047 16
1215 3018 1442 3058 purpuratorfi
1479 3027 1566 3047 corr.
1596 3015 1633 3046 in
1664 3016 1905 3059 purpuratorisl
1931 3015 1994 3057 P1‚
2030 3015 2306 3084 purpuratoripm
2340 3014 2404 3047 CF

203 3088 244 3121 17
270 3098 509 3124 exauctoratus
531 3092 598 3134 CF,
624 3100 812 3135 auguratus
836 3094 880 3125 M
900 3100 930 3126 et
954 3095 989 3126 ln
1012 3106 1120 3136 marss.
1149 3093 1355 3137 ljiuctoratus
1379 3096 1478 3128 etiam
1501 3106 1591 3127 nunc
1617 3096 1678 3137 leq.
1705 3106 1745 3127 ea:
1768 3106 1805 3127 eo
1830 3095 1920 3136 quod
1944 3095 2026 3127 add.
2052 3094 2097 3126 M
2101 3095 2111 3114 ¹
2206 3095 2317 3127 aditus
2342 3093 2379 3126 F
2386 3094 2397 3113 ¹

204 3168 245 3201 18
271 3171 406 3212 publico
434 3196 440 3203 .
461 3197 467 3203 .
487 3198 493 3204 .
514 3198 519 3204 .
547 3170 591 3204 ‘25
616 3179 727 3205 vetere
741 3185 777 3205 se
785 3179 925 3215 praeter
943 3185 1059 3206 corum
1077 3175 1226 3207 dolorem
1252 3201 1258 3208 .
1279 3201 1286 3207 .
1306 3201 1313 3207 .
1333 3201 1338 3207 .
1358 3175 1491 3207 umanis
1514 3175 1620 3207 veluti
1645 3199 1652 3205 .
1672 3200 1678 3207 .
1699 3199 1706 3206 .
1732 3175 1926 3207 nauseantis
1946 3179 2093 3217 exputus
2119 3199 2126 3206 .
2150 3199 2157 3206 .
2177 3198 2184 3206 .
2203 3198 2211 3206 .
2230 3174 2297 3216 def.
2316 3172 2403 3205 inF

205 3251 539 3292 erumpnosissimum
568 3252 596 3283 C
731 3250 777 3283 20
801 3263 863 3284 1100
887 3265 912 3285 s.
940 3254 960 3285 l.
986 3254 1067 3286 aad.
1100 3254 1148 3285 Τ1
1289 3253 1333 3287 21
1360 3259 1603 3297 superstratum
1631 3254 1660 3286 Ο
1748 3255 1917 3287 lautomiis
1946 3252 1975 3287 Ο
2121 3252 2166 3285 22
2190 3258 2223 3286 et
2246 3251 2396 3301 LMTP,

203 3337 240 3362 ut
268 3331 295 3361 (J
365 3331 580 3363 ebdomadam
598 3331 765 3364 LJJTCP
832 3334 1114 3375 conperendinato
1141 3334 1219 3373 MC,
1245 3335 1553 3377 conperhendinato
1586 3334 1618 3365 T
1728 3332 1772 3366 23
1797 3334 1960 3376 serpentis
1985 3344 2046 3364 om.
2069 3332 2097 3364 C
2162 3305 2317 3375 epidauril
2326 3332 2369 3364 M
2375 3333 2398 3374 ¹,

205 3409 368 3451 epidaurii
401 3409 432 3440 T
520 3383 741 3443 inimieiElumT'3
897 3411 940 3444 24
967 3413 1208 3446 devenustatus
1230 3420 1367 3456 praeter
1392 3415 1432 3447 de
1457 3426 1482 3446 8.
1509 3414 1532 3446 l.
1556 3414 1638 3446 add.
1664 3413 1716 3445 Ι)1
1881 3412 1925 3446 25
1950 3417 2097 3456 exputus
2121 3412 2165 3444 M
2169 3412 2299 3454 TCFP,
2321 3424 2397 3446 var.

208 3488 299 3528 lect,
337 3500 438 3530 quam
475 3500 500 3521 8.
528 3490 548 3520 l.
575 3490 655 3521 add.
682 3491 755 3531 JI¹,
785 3502 871 3523 eran.
899 3492 960 3523 M²
1076 3493 1252 3534 tyberiano
1281 3493 1344 3525 CF
1455 3493 1585 3525 dicrum
1618 3492 1686 3535 def.
1719 3492 1818 3533 <17⁷sz
1997 3490 2041 3524 26
2065 3492 2167 3524 trahit
2189 3492 2225 3523 in
2248 3503 2319 3524 ras.
2345 3490 2395 3523 P²

202 3568 367 3600 carnificis
401 3580 487 3600 corr.
519 3581 558 3601 est·
590 3571 764 3602 carnifices
792 3571 835 3597 ('¹
1025 3570 1069 3603 28
1106 3573 1175 3604 ictu
1200 3584 1262 3605 om.
1296 3579 1381 3615 spat.
1409 3574 1431 3604 8
1456 3573 1515 3606 litt.
1540 3584 1611 3605 vac.
1638 3572 1669 3603 L
1808 3572 1941 3614 iamque
1965 3572 2135 3605 mucronis
2160 3583 2224 3604 om.
2248 3577 2334 3614 spat.
2360 3574 2396 3603 11

202 3646 258 3680 litt.
285 3659 354 3680 rac.
386 3647 415 3679 L

2430 894 2462 918 10

2434 1236 2466 1260 15

2436 1578 2469 1603 20

2437 1920 2470 1946 25
