2583 4011
918 204 1059 240 LIBER
1085 206 1130 245 Π,
1161 205 1210 240 IV
1238 208 1257 249 ξ
1285 206 1303 239 ’ἵ
1331 226 1372 230 -
1400 206 1429 239 V
1457 208 1477 250 ξ
1504 209 1534 243 1.
2243 210 2324 249 315

131 321 344 377 propheta
375 320 495 361 dicit:
540 321 667 362 educ
700 321 761 362 dc
794 335 1006 362 carcere
1040 322 1270 362 animam
1304 336 1465 363 meam
1499 322 1557 362 ad
1598 323 1953 363 confitendum
1997 324 2196 364 nomini
2230 329 2326 364 tuo.
2403 327 2442 367 (ι’

129 390 295 432 credite
327 389 443 439 mihi,
477 388 631 431 fratres
664 391 886 436 carissimi,
919 391 1017 445 quia
1053 390 1125 430 illa
1159 391 1242 431 iam
1275 390 1328 431 de
1363 405 1440 431 sua
1472 392 1614 445 quiete
1649 406 1801 432 secura
1835 392 1887 432 ‹le
1922 399 2062 432 nostra
2097 401 2161 432 est
2187 392 2326 432 salute
2343 394 2394 432 ‘20

130 459 328 510 sollicita,
361 472 470 513 quae
504 458 539 498 si
574 458 799 500 nobiscum
834 465 982 515 posset
1015 460 1197 500 miscere
1231 459 1458 514 colloquia,
1494 460 1573 500 hoe
1606 460 1789 501 diceret:
1837 462 1982 504 nolite.
2018 462 2071 516 pii
2108 464 2387 517 parentes.21

127 528 258 569 nolite
291 541 359 568 me
392 527 494 568 flere
527 541 605 568 nec
639 528 796 583 ingrati
829 534 916 569 tam
950 527 1136 582 benigno
1169 527 1341 568 domino
1376 529 1621 584 planctibus
1656 529 1813 569 nimiae
1845 529 2089 570 dilectionis
2121 531 2326 571 existere.

76 608 90 631 τι
128 602 235 648 esto,
268 596 469 637 habuerit
501 600 698 652 tempore
731 611 856 638 meac
888 597 1181 638 arcessitionis
1215 596 1296 638 hoc
1328 598 1481 652 pietas,
1516 598 1597 638 iam
1630 597 1761 639 debet
1793 598 1986 638 dolorem
2013 605 2198 639 vestrum
2224 599 2328 639 tides

60 956 91 980 lo

62 2471 95 2495 30

129 681 223 708 cum
264 671 459 722 tempore
501 670 768 722 temperare,
812 667 913 722 quia
952 667 1031 708 etsi
1073 666 1194 707 vobis
1235 673 1405 707 mortua
1445 681 1557 713 sum,
1601 666 1680 707 deo
1723 667 1832 707 vivo.
1894 672 1967 707 aut
2009 668 2210 723 numquid
2254 683 2327 708 vos
2345 671 2397 708 22

127 736 264 790 magis
306 734 491 790 potestis
534 749 679 776 amare
717 750 843 790 quam
883 735 1103 782 dominus,
1151 735 1221 791 qui
1260 750 1328 776 me
1367 736 1488 786 fecit,
1531 736 1744 791 quomodo
1782 736 1938 787 voluit,
1982 736 2184 778 redemit.
2229 738 2325 792 quia

126 806 277 858 voluit,
300 809 356 855 et,
387 803 554 860 quando
579 805 726 850 voluit,
760 820 834 861 pro
857 819 934 846 sua
961 805 1121 861 pietate
1146 805 1362 860 suscepit?
1415 810 1489 846 aut
1512 805 1625 860 quod
1650 806 1785 858 magis
1810 805 1970 846 doloris
1996 807 2125 846 vestri
2152 807 2333 862 potestis

130 874 292 917 habere
315 873 538 925 solacium,
572 888 698 928 quam
722 874 834 929 quod
859 874 1058 916 dominus
1090 879 1238 915 noster
1266 875 1439 916 unicum
1473 875 1606 915 filium
1642 889 1764 916 suum
1800 890 1875 930 pro
1908 875 2032 916 nobis
2066 880 2129 915 est
2161 875 2330 915 tradere

127 945 332 1000 dignatus
365 942 419 984 ad
452 947 662 984 mortem?
725 949 768 985 et
800 958 895 985 cum
929 944 1042 985 filius
1085 944 1153 985 dei
1193 943 1432 985 secundum
1475 959 1649 985 carnem
1693 945 1798 985 mori
1832 944 2034 995 voluerit,
2079 944 2203 985 homo
2245 950 2329 984 tam

129 1014 286 1056 acerbe
319 1012 451 1054 debet
483 1011 780 1053 condicionem
813 1012 1028 1054 humanae
1064 1012 1189 1053 sortis
1224 1013 1456 1068 excipere?
1520 1027 1646 1068 quam
1678 1013 1732 1053 ob
1764 1027 1868 1058 rem,
1903 1013 2083 1068 piissimi
2118 1015 2400 1069 parenti-s.th

126 1088 275 1125 vestra
304 1083 448 1138 potius
482 1087 663 1138 peccata
695 1081 850 1122 deflete
884 1087 927 1123 et
960 1081 1013 1123 de
1038 1081 1336 1123 satisfactione
1362 1087 1598 1123 vestrorum
1628 1082 1851 1124 criminum
1880 1083 2081 1136 cogitate.
2114 1088 2172 1126 ut,
2206 1083 2239 1122 si
2266 1097 2332 1122 me

131 1153 173 1194 in
207 1152 380 1193 Christo
413 1151 614 1207 diligitis,
654 1151 752 1206 quia
785 1166 852 1192 me
886 1165 986 1193 vere
1019 1151 1203 1206 diligere
1244 1166 1330 1193 non
1370 1152 1574 1207 potestis,
1621 1152 1700 1193 nisi
1742 1152 1781 1193 in
1824 1152 1996 1193 domino
2041 1152 2249 1206 diligatis.
2293 1152 2332 1192 in

127 1223 267 1264 sinum
299 1221 572 1278 patriarchae
606 1220 751 1262 venire
787 1220 1064 1272 mereamini,
1103 1220 1177 1261 ubi
1219 1220 1417 1262 dominus
1461 1236 1537 1276 pro
1577 1221 1852 1263 innocentiae
1886 1236 1953 1262 me
1987 1236 2110 1263 meac
2144 1221 2332 1276 puritate

84 1311 91 1325 ι
130 1296 173 1333 et
204 1305 280 1347 pro
313 1304 392 1332 sua
431 1291 594 1346 pietate
634 1291 878 1342 constituit,
923 1291 1045 1346 quia
1085 1290 1461 1332 misericordia
1506 1291 1623 1332 eius
1664 1291 1850 1333 melior
1893 1296 1969 1332 est
2011 1306 2164 1347 super
2204 1292 2332 1336 vita,

128 1366 175 1403 ut
207 1360 369 1403 ibidem
400 1374 486 1402 non
519 1360 642 1401 falsis
676 1359 753 1401 sed
776 1361 903 1413 veris,
936 1375 1023 1401 non
1055 1360 1368 1416 temporalibus
1403 1359 1479 1401 scd
1512 1361 1702 1402 aeternis
1732 1360 1902 1415 gaudiis
1925 1361 2089 1416 pariter
2112 1361 2333 1402 exsultare

126 1431 356 1487 possimus.
406 1429 567 1471 talibus
599 1433 769 1485 oportet
800 1434 847 1471 ut
870 1444 960 1481 nos,
994 1430 1147 1486 optimi
1169 1430 1338 1482 fratres,
1372 1434 1416 1471 ct
1437 1430 1502 1470 his
1527 1429 1739 1471 similibus
1763 1430 2007 1486 praeceptis
2031 1445 2080 1471 ae
2105 1429 2334 1485 sponsibus
2351 1432 2398 1468 24

128 1500 353 1542 dominicis
395 1499 686 1550 consolemus,
736 1499 836 1554 quia
879 1499 989 1540 sieut
1030 1498 1144 1555 apud
1183 1499 1402 1540 dominum
1443 1499 1589 1539 futura
1628 1499 1714 1539 iam
1763 1499 1877 1540 facta
1924 1504 2043 1547 sunt,
2094 1499 2153 1540 ita
2196 1498 2334 1540 fidelis

128 1569 367 1611 catholicus
400 1568 616 1625 promissa
648 1568 868 1619 caelestia,
902 1582 1012 1623 quae
1045 1572 1242 1624 tempore
1277 1582 1353 1609 suo
1386 1567 1608 1623 implenda
1641 1567 1829 1620 contidit,
1870 1568 2001 1610 debet
2033 1569 2115 1609 iam
2151 1567 2335 1624 quodam

128 1638 255 1680 modo
287 1637 449 1680 habere
482 1638 746 1693 praesentia,
780 1652 856 1694 spe
890 1638 1159 1694 praecipere,
1192 1637 1421 1693 possidere
1454 1637 1552 1689 fide,
1587 1637 1791 1693 operibus
1825 1637 2037 1679 obtinere.
2091 1638 2197 1678 hacc
2222 1639 2404 1679 eni11125

130 1713 229 1750 sunt
260 1721 371 1764 quae
403 1706 527 1748 nobis
560 1707 771 1748 exhibent
803 1708 845 1748 in
878 1708 1148 1749 maeroribus
1182 1707 1410 1758 solacium,
1451 1707 1493 1748 in
1526 1707 1751 1748 contrariis
1785 1706 2007 1759 fiduciam,
2041 1707 2083 1747 in
2115 1707 2335 1763 prosperis

128 1777 490 1829 moderationem,
535 1791 588 1818 ne
632 1781 705 1818 aut
747 1777 1010 1819 extollamur
1050 1776 1252 1819 secundis
1293 1781 1367 1818 aut
1406 1776 1609 1818 cedamus
1657 1776 1849 1818 adversis
1892 1781 1965 1818 aut
2006 1776 2200 1818 tristibus
2234 1790 2335 1816 con—

127 1861 358 1889 sumamur.
421 1845 529 1887 haec
562 1860 685 1901 ergo,
728 1846 884 1888 fratres
918 1847 1152 1899 carissimi,
1195 1846 1533 1888 transmittenda
1565 1846 1689 1888 vobis
1722 1846 1776 1887 ad
1815 1860 2086 1887 communem
2120 1845 2335 1901 quandam
2353 1848 2404 1885 2⁴3

128 1915 471 1959 consolationem
503 1914 617 1956 haud
651 1915 740 1956 sine
774 1930 932 1971 magno
965 1917 1096 1958 animi
1128 1916 1277 1958 dolore
1317 1916 1492 1957 dictavi.
1548 1930 1628 1957 nec
1658 1930 1725 1957 mc
1759 1916 1888 1972 paulo
1921 1916 2049 1957 latius
2081 1915 2334 1971 protrahere

84 2005 90 2019 ›
129 1999 375 2027 sermonem
416 1984 640 2025 affluentia
680 1985 908 2027 verborum
952 1986 1163 2042 compulit
1205 1985 1281 2027 sed
1321 1989 1469 2027 aestus
1508 1985 1768 2037 animorum,
1812 1990 1859 2025 ut
1899 1985 2181 2036 desiderium,
2225 1984 2337 2040 quod

128 2054 370 2098 recordatio
415 2053 675 2095 accenderat
719 2055 895 2106 acerba,
944 2055 1295 2097 commemoratio
1339 2054 1506 2096 diutina
1556 2055 1726 2096 leniret.
1812 2055 1853 2095 in
1894 2055 1974 2096 hoc
2018 2056 2147 2096 ctiam
2188 2068 2335 2109 parem

127 2125 311 2180 gratiam
345 2137 450 2178 erga
482 2137 752 2164 communem
783 2124 913 2165 filiam
947 2124 1276 2180 comprobemus
1319 2129 1383 2176 et,
1426 2124 1538 2164 sicut
1570 2137 1648 2164 nos
1687 2123 1781 2164 cius
1821 2124 1908 2165 vita
1955 2124 2229 2175 devinxerat,
2280 2123 2337 2163 ita

129 2195 220 2236 eius
252 2193 461 2236 memoria
492 2193 536 2234 in
569 2193 723 2234 eadem
756 2193 990 2236 dilectione
1023 2193 1254 2236 custodiat.

1206 2366 1262 2409 V.

209 2459 448 2502 DOMINO
483 2458 733 2501 SUBLIMI
764 2459 840 2501 ET
872 2459 936 2501 IN
970 2458 1231 2501 CHRISTO
1265 2457 1501 2500 DOMINO
1534 2457 2008 2501 DEVINCTISSIMO
2041 2458 2266 2500 FRATRI

927 2527 1205 2570 NAMATIO
1238 2527 1541 2571 RURICIUS.

278 2595 376 2668 Qvi
409 2615 679 2657 occasionem
712 2614 930 2656 scribendi
961 2629 1037 2671 pro
1070 2613 1408 2656 necessitudinis
1440 2614 1532 2655 iure
1566 2613 1877 2670 perquirimus,
1919 2614 2109 2655 oblatam
2142 2618 2334 2670 praeter-
2386 2617 2396 2653 1

130 2687 303 2728 mittere
335 2700 422 2727 non
455 2684 682 2737 debemus,
714 2689 762 2726 ut
794 2685 948 2726 reddat
979 2685 1105 2726 nobis
1135 2684 1352 2740 quandam
1380 2685 1658 2741 praesentiae
1687 2684 1930 2740 portionem
1954 2698 2093 2725 sermo
2116 2683 2338 2733 mediator,

131 2757 203 2811 qui
235 2755 445 2797 emittitur
476 2759 519 2796 et
550 2768 636 2795 non
669 2754 894 2807 amittitur,
927 2754 1131 2796 tribuitur
1161 2758 1204 2796 et
1231 2754 1431 2806 habetur,
1464 2753 1633 2794 videtur
1655 2753 1880 2796 discedere
1905 2767 1984 2794 nec
2008 2752 2187 2804 recedit,
2221 2767 2246 2793 a
2267 2767 2336 2793 mc

61 2836 94 2860 ³5
131 2826 342 2881 dirigitur,
381 2839 406 2866 a
438 2829 479 2866 te
512 2824 761 2879 suscipitur,
801 2838 826 2865 a
857 2837 925 2864 me
960 2824 1177 2875 scribitur,
1216 2838 1241 2865 a
1272 2828 1315 2865 te
1349 2824 1507 2879 legitur
1537 2837 1617 2865 nec
1649 2827 1796 2864 tamen
1829 2823 2049 2873 dividitur,
2088 2836 2183 2863 cum
2217 2821 2338 2876 quasi

131 2895 294 2936 divisus
335 2895 507 2949 integer
550 2893 776 2948 utriusque
826 2892 956 2934 corde
1002 2897 1224 2945 teneatur,
1273 2893 1375 2947 quia
1420 2892 1541 2934 verbi
1589 2906 1710 2933 more
1757 2892 1889 2934 divini
1938 2892 2122 2933 traditur
2169 2896 2212 2932 ct
2257 2905 2339 2931 non

132 2963 366 3019 egreditur,
400 2963 621 3004 confertur
651 2962 863 3018 indigenti
894 2967 937 3003 ct
968 2977 1054 3004 non
1087 2962 1281 3004 aufertur
1311 2963 1491 3015 auctori,
1524 2963 1778 3018 accipientis
1801 2963 1969 3003 lucrum
1993 2962 2085 3003 sine
2111 2960 2338 3016 dispendio

130 3033 371 3089 largientis,
403 3032 546 3074 ditans
579 3032 752 3088 inopem
783 3046 865 3074 nec
897 3036 1128 3074 attenuans
1161 3045 1475 3088 possessorem.

271 3160 290 3193 1
316 3159 374 3194 Ps.
400 3158 521 3200 CXLI,
546 3159 578 3193 8.
639 3157 645 3164 “
697 3160 741 3194 15
766 3158 823 3193 Ps.
851 3158 962 3198 LXII,
987 3157 1021 3193 4.

265 3240 287 3274 3
311 3243 416 3285 possit
435 3241 466 3274 G
570 3242 680 3274 dicere
702 3241 731 3273 G
882 3240 904 3273 5
928 3241 1131 3273 arcisitionis
1152 3240 1193 3281 G,
1217 3241 1261 3284 ‘'f-
1279 3252 1388 3283 supra
1407 3253 1444 3283 p.
1466 3242 1550 3282 308,
1575 3241 1597 3274 l.
1614 3244 1657 3273 22
1810 3239 1829 3273 7
1855 3240 2023 3283 quomodo
2049 3241 2159 3273 uoluit
2184 3238 2337 3281 redemit]

133 3300 333 3342 Blommsen,
356 3300 523 3343 quomodo
540 3300 622 3333 noui
635 3299 646 3342 :1
663 3316 751 3332 *μ*
767 3298 780 3342 Η
793 3300 907 3332 tremit
929 3299 1064 3332 redimit
1081 3298 1121 3339 G,
1146 3299 1205 3341 qui
1222 3310 1275 3331 me
1291 3299 1431 3331 donauit
1448 3300 1531 3341 uita,
1555 3300 1646 3340 emit,
1671 3299 1813 3331 redemit
1830 3298 1988 3330 &anisius
2108 3296 2145 3329 11
2172 3308 2293 3329 acerne
2312 3298 2341 3327 G

134 3357 178 3390 12
201 3363 338 3391 uestra*
359 3358 389 3390 G
459 3355 592 3400 deflete]
616 3357 680 3399 G2,
704 3357 828 3390 deflere
849 3357 901 3389 G¹
1028 3354 1072 3388 14
1096 3356 1210 3397 sium,
1235 3367 1306 3387 ras.
1325 3367 1341 3388 s
1363 3356 1393 3388 G
1463 3368 1516 3389 mc
1541 3354 1650 3399 meae]
1670 3356 1981 3397 AIvmmsen,1neac
2003 3357 2032 3387 G
2150 3354 2191 3386 113
2216 3360 2340 3396 tempo-

133 3414 275 3459 ralibus]
300 3416 364 3448 rali
386 3416 424 3448 in
447 3427 518 3448 ras.
538 3415 569 3448 G
708 3414 752 3447 18
776 3412 1003 3456 consolemus]
1022 3414 1052 3447 G
1204 3412 1246 3446 19
1271 3414 1457 3457 promissae
1474 3415 1504 3447 G
1658 3412 1701 3446 21
1726 3425 1786 3447 rex
1811 3414 1929 3445 hibent
1950 3412 1979 3444 G
2131 3410 2175 3443 22
2199 3417 2256 3442 aut
2282 3417 2340 3442 aut

134 3474 295 3506 cedamus
317 3473 346 3505 G
498 3471 544 3505 ‘24
568 3471 675 3516 haud]
702 3472 913 3516 Liilsphaom,
939 3478 978 3505 ut
998 3472 1038 3513 G,
1063 3483 1132 3504 non
1160 3471 1317 3504 canisius
1410 3484 1452 3505 ne
1474 3472 1504 3505 G
1658 3471 1704 3504 25
1727 3470 1780 3514 ut]
1807 3473 1836 3503 ἃς
1857 3470 1886 3503 G
2036 3468 2081 3501 26
2106 3469 2227 3501 acerba
2252 3479 2339 3499 com-

134 3531 332 3564 memoratio
357 3528 502 3573 diutina]
528 3529 729 3570 fllemmsen,
753 3530 1026 3563 commemoratio
1052 3530 1186 3561 diutina
1204 3529 1304 3562 cebra
1325 3529 1365 3571 G,
1383 3530 1655 3563 commemoratio
1677 3529 1808 3562 diutina
1825 3529 1944 3561 crebra
1964 3527 2120 3558 canisius
2206 3523 2338 3567 leniret]

133 3588 334 3629 ssIommsen,
356 3588 478 3620 leniret
494 3593 527 3620 et
543 3588 574 3620 G
689 3587 732 3620 27
758 3600 838 3631 ergo
855 3588 886 3621 G
956 3588 1131 3620 deuixerat
1149 3587 1179 3619 G
1294 3585 1339 3619 28
1364 3588 1578 3621 dilectionem
1600 3588 1629 3620 G
1745 3585 1788 3618 31
1816 3585 1967 3618 namacio
1991 3585 2020 3614 G
2151 3581 2196 3615 32
2221 3583 2278 3625 qui
2299 3601 2340 3604 -

134 3644 179 3678 38
202 3643 441 3689 possessorem]
468 3650 515 3677 est
536 3645 635 3687 prior
660 3646 824 3688 epistulae
849 3645 905 3686 II,
920 3647 963 3677 36
981 3656 1070 3687 pars
1222 3642 1267 3676 33
1291 3644 1467 3688 mediator]
1495 3646 1695 3686 Mammea,
1719 3645 1900 3676 meditatur
1921 3642 1961 3681 G,
1986 3641 2082 3683 infra
2103 3640 2155 3675 ΙΙ,
2172 3644 2214 3672 36
2238 3640 2339 3671 medi-

135 3706 223 3736 tator
240 3704 279 3745 G,
303 3704 484 3736 meditatus
513 3703 669 3735 C'anisius
809 3702 854 3736 34
885 3703 1074 3735 admittitur
1103 3703 1133 3734 G
1203 3703 1373 3736 tribuetur
1401 3705 1431 3736 G
1501 3704 1697 3737 discendere
1726 3704 1766 3743 G,
1789 3706 1825 3732 ul
1852 3700 1947 3742 infra
1973 3698 2028 3739 II,
2051 3700 2096 3730 36
2223 3695 2267 3728 3ss
2292 3697 2340 3728 ifl-

135 3759 242 3804 teger]
268 3767 380 3794 tamen
405 3762 487 3794 add.
514 3761 569 3802 II,
593 3763 635 3794 36
775 3760 820 3793 38
845 3759 989 3803 dictans]
1020 3761 1061 3801 G,
1085 3766 1122 3792 ut
1145 3761 1243 3803 infra
1270 3761 1324 3802 II,
1348 3764 1393 3795 36
1487 3768 1588 3805 negat
1613 3766 1757 3793 tenuans
1787 3760 1816 3789 G

1992 3833 2066 3867 40*
