2583 4011
73 321 113 366 G

209 207 288 248 340
1020 198 1203 238 Rumon
1227 198 1571 239 EPISTULARUM

200 321 380 375 propitio
429 319 647 361 fortiorem
695 318 793 365 (100,
842 319 917 361 scd
964 320 1090 376 plane
1136 333 1261 361 omne
1307 319 1583 375 hospitiolum
1632 325 1823 362 nostrum
1872 318 2052 362 diversis
2099 319 2380 365 incommodis

138 392 160 429 3
206 389 399 429 laborare
442 388 650 442 significo.
710 390 971 444 peculiarius
1012 402 1135 444 rogo,
1175 389 1380 429 attentius
1419 389 1590 430 domino
1634 389 1906 444 supplicetis,
1954 394 2001 430 ut
2042 391 2112 445 qui
2157 392 2281 432 nobis
2320 393 2383 433 in-

129 1140 151 1177 Ιψ

126 1416 148 1451 ζιῶ

204 457 495 496 columitatem
528 457 683 497 vestris
724 458 990 500 orationibus
1028 459 1293 511 reddidistis,
1339 464 1382 500 et
1421 460 1487 500 his
1521 474 1645 515 opem
1677 474 1725 500 ac
1756 460 1984 501 medellam
2016 461 2184 502 divinae
2216 462 2383 502 miseri-

205 524 370 565 cordiae
402 526 724 566 intercessionis
757 531 927 568 vestrae
961 528 1197 583 patrocinio
1232 528 1475 569 conferatis.
1537 542 1612 569 ora
1642 543 1717 583 pro
1748 543 1830 570 1110.

1184 779 1396 820 XXXIX.

467 892 716 933 DOMINI‘S
752 892 1110 948 SUBLIMIBUS
1142 893 1217 934 ET
1250 894 1601 937 MAGNIFIOIS
1634 896 1809 937 FILIIS
1845 896 2120 938 EUDOMIO

693 962 766 1002 ΕΤ
799 962 1196 1003 MELANTHIAE
1230 963 1515 1006 RURICIUS
1548 964 1889 1008 EPISCOPUS.

344 1050 480 1120 Qum
520 1071 661 1125 gravis
703 1071 807 1111 mihi
847 1071 1041 1113 orbitatis
1073 1077 1244 1114 vestrae
1287 1073 1341 1114 sit
1380 1073 1542 1126 luctus,
1585 1074 1711 1115 testis
1752 1079 1818 1116 est
1850 1076 2038 1130 pectoris
2070 1076 2155 1117 mei
2188 1077 2381 1118 conscius

196 1138 321 1180 deus:
363 1140 474 1193 quod
513 1140 656 1180 verbis
700 1140 950 1181 subtilitatis
991 1146 1160 1182 vestrae
1202 1142 1391 1183 indicare
1431 1157 1516 1184 non
1549 1156 1739 1198 possum.
1801 1158 1899 1184 nam
1930 1144 1990 1184 ita
2022 1144 2208 1185 animum
2240 1159 2381 1186 meum

196 1206 353 1248 doloris
388 1209 516 1249 vestri
550 1209 691 1264 passio
727 1209 946 1256 sauciavit,
980 1224 1029 1250 ac
1063 1211 1096 1251 si
1128 1225 1260 1251 unum
1293 1211 1346 1252 de
1378 1212 1562 1266 propriis
1595 1212 1822 1252 affectibus
1854 1212 2152 1268 perdidissem,
2186 1214 2284 1268 quia
2312 1229 2380 1256 me

196 1276 314 1316 vobis
347 1278 587 1331 proximum
621 1282 663 1318 et
695 1277 879 1332 quodam
911 1278 1038 1319 modo
1072 1280 1439 1334 consanguineum
1471 1280 1582 1321 bene
1614 1295 1784 1321 mecum
1817 1281 1984 1336 agendo
2016 1282 2197 1324 fecistiS.
2250 1286 2379 1337 atque

193 1343 310 1387 ideo,
364 1345 463 1399 quia
510 1346 678 1386 labores
726 1352 769 1387 et
812 1348 1035 1401 angustias
1083 1353 1255 1389 nostras
1302 1349 1553 1403 frequenter
1600 1350 1642 1389 in
1688 1364 1761 1390 vos
1812 1364 1887 1405 pro
1933 1354 2079 1392 vestra
2130 1350 2377 1405 dignatione

195 1414 424 1469 suscipitis,
467 1415 624 1455 iustum
658 1420 736 1467 est,
771 1420 813 1457 et
843 1430 922 1457 nos
954 1418 1122 1469 vestris,
1156 1432 1251 1459 cum
1283 1418 1532 1471 acciderint,
1563 1418 1820 1474 participare
1853 1419 2136 1461 maeroribus.
2198 1420 2233 1460 si
2267 1420 2379 1461 enim

194 1483 313 1523 iuxta
345 1484 527 1538 apostoli
571 1485 832 1525 sententiam
871 1486 998 1526 unius
1039 1487 1228 1541 corporis
1267 1487 1462 1528 membra
1501 1487 1582 1528 sibi
1619 1487 1801 1528 invicem
1843 1488 2160 1543 compatiuntur
2197 1492 2239 1529 et
2278 1502 2380 1529 con-

194 1551 358 1593 dolent.
401 1552 525 1593 decet
568 1567 645 1593 nos
679 1567 848 1609 quoque
882 1569 1027 1596 eorum
1060 1555 1334 1597 incommoda
1365 1581 1472 1597 *Η*
1504 1570 1635 1612 saepe
1668 1556 1942 1612 percipimus.
2005 1556 2199 1598 dolemus
2231 1558 2377 1612 itaque

193 1621 310 1660 casui
343 1627 485 1662 vestro
520 1627 562 1662 et
601 1623 845 1677 planctibus
878 1625 1032 1664 vestris
1070 1625 1283 1666 interesse
1327 1640 1404 1666 nos
1449 1625 1676 1667 credimus.
1738 1625 1812 1666 sed
1854 1625 1955 1680 quid
1992 1625 2194 1678 facimus,
2236 1626 2380 1667 domni

191 1689 280 1738 filii,
319 1690 430 1744 quod
464 1691 675 1732 voluntati
707 1691 878 1733 divinae
912 1693 1111 1734 resistere
1144 1707 1222 1734 nec
1254 1708 1484 1749 possumus
1516 1709 1595 1735 nec
1627 1694 1837 1736 debemus
1871 1699 1914 1735 et
1945 1694 2058 1735 omni
2091 1694 2380 1736 sollicitudine

190 1772 463 1812 praecavere.
496 1774 549 1800 ne
584 1760 683 1800 dum
716 1760 860 1802 dulcia
891 1762 1015 1802 nobis
1048 1762 1231 1817 pignora
1262 1763 1392 1804 nimio
1423 1763 1570 1805 dolore
1603 1763 1823 1815 deflemus,
1856 1763 2100 1818 blasphemi
2132 1763 2303 1818 quidem
2337 1768 2380 1806 et

191 1827 380 1868 iniuriosi
414 1828 683 1870 inveniamur
714 1830 756 1870 in
789 1829 962 1871 domino
996 1834 1039 1871 et
1070 1831 1244 1885 gravius
1277 1832 1444 1873 animas
1477 1837 1643 1873 nostras
1675 1836 1823 1873 auctor
1853 1833 1985 1887 ipsius
2009 1833 2172 1884 mortis,
2204 1832 2379 1874 inventa

189 1897 426 1949 occasione,
461 1898 693 1951 confodiat,
728 1913 854 1953 quam
887 1913 1083 1940 carorum
1116 1900 1347 1942 amissione
1378 1902 1604 1956 percussit.
1661 1901 1842 1956 ideoque
1873 1902 1916 1942 in
1947 1901 2061 1942 omni
2091 1901 2377 1943 amaritudine

187 1966 255 2006 vel
288 1965 434 2007 dolore
468 1966 519 2007 ad
553 1966 680 2008 deum
712 1968 836 2009 nobis
869 1973 933 2009 est
964 1968 1268 2023 refugiendum
1301 1973 1343 2011 et
1374 1969 1428 2010 ad
1460 1970 1581 2011 illum
1612 1983 1758 2011 omnes
1793 1984 1916 2011 casus
1948 1970 2085 2011 nostri
2120 1973 2208 2010 toto
2249 1970 2378 2012 corde

185 2034 418 2080 referendi,
457 2036 528 2091 qui
560 2041 683 2077 sanat
715 2037 980 2089 vulneratos,
1025 2039 1095 2093 qui
1127 2039 1293 2080 relevat
1325 2043 1535 2093 maestos,
1579 2040 1649 2095 qui
1681 2040 1928 2081 consolatur
1960 2039 2166 2081 adflictos.
2228 2044 2271 2082 et
2302 2040 2377 2081 illa

185 2105 320 2145 sancti
361 2104 438 2145 Iob
482 2106 697 2147 sententia
742 2107 913 2148 omnino
955 2106 1137 2149 dicenda
1177 2112 1259 2149 est:
1308 2108 1556 2150 dominus
1600 2108 1769 2160 dedit,
1820 2108 2066 2149 dominus
2107 2109 2376 2162 abstulit,

186 2174 317 2214 sicut
355 2174 559 2216 domino
598 2176 815 2230 placuit,
858 2176 935 2217 ita
972 2176 1165 2218 factum
1204 2181 1309 2226 est;
1353 2178 1422 2218 sit
1458 2192 1646 2219 nomen
1685 2178 1890 2219 domini
1927 2178 2272 2221 benedictum.
2333 2183 2377 2220 et

185 2242 255 2282 illc
294 2242 375 2284 hoc
417 2243 585 2298 quando
618 2244 811 2297 dicebat,
853 2245 1003 2287 decem
1035 2246 1146 2287 filios
1179 2260 1275 2287 cum
1307 2247 1422 2287 omni
1454 2246 1658 2288 facultate
1691 2246 1939 2303 perdiderat
1969 2261 2048 2288 nec
2080 2251 2226 2289 tamen
2257 2248 2373 2289 blas-

183 2311 389 2366 phemare
422 2316 494 2353 aut
526 2312 681 2354 damno
714 2318 788 2354 aut
819 2313 968 2355 dolore
1002 2315 1249 2371 compulsus
1274 2320 1354 2368 est,
1387 2316 1496 2357 sicut
1519 2315 1621 2356 dicit
1643 2316 1871 2372 scriptura:
1905 2316 1954 2357 in
1987 2317 2233 2358 omnibus
2266 2330 2375 2372 quae

183 2380 432 2422 acciderunt
472 2382 511 2422 ei
555 2382 700 2423 nihil
738 2384 983 2438 peccavit
1024 2384 1190 2426 labiis
1227 2384 1338 2427 Iob.
1400 2385 1512 2440 quod
1550 2400 1629 2440 ego
1668 2386 1820 2441 pietati
1857 2390 2028 2426 vestrae
2067 2386 2255 2427 scribere
2298 2400 2374 2441 pro

184 2454 329 2489 mutua
378 2450 556 2491 caritate
603 2453 893 2508 praesumpsi,
948 2457 993 2494 ut
1039 2453 1233 2494 dolorem
1286 2454 1527 2495 animorum
1573 2458 1833 2507 vestrorum,
1890 2469 2017 2509 quem
2062 2455 2218 2496 litteris
2265 2455 2373 2496 meis

183 2518 380 2572 mitigare
414 2533 497 2559 non
528 2524 741 2574 poteram,
783 2523 850 2563 vel
884 2522 1039 2563 divinis
1073 2523 1255 2578 eloquiis
1286 2527 1517 2578 utcumque
1552 2523 1811 2565 moderarer.
1873 2536 1994 2575 vere,
2039 2524 2073 2564 si
2115 2523 2218 2563 mihi
2250 2524 2373 2578 quasi

181 2592 326 2627 vestro
361 2587 534 2628 creditis
569 2589 697 2640 cordi,
729 2604 814 2630 non
837 2591 1060 2632 minimum
1082 2593 1261 2648 potestis
1285 2607 1440 2648 capere
1464 2593 1516 2634 de
1541 2592 1699 2633 Christi
1722 2592 1879 2633 domini
1901 2593 2124 2633 voluntate
2147 2593 2367 2645 solacium,

183 2655 306 2709 quod.
341 2664 551 2711 quatenus
576 2658 714 2713 ipsum
740 2660 992 2701 immaturus
1024 2661 1228 2702 manebat
1260 2662 1470 2714 interitus,
1503 2663 1635 2703 talem
1669 2676 1766 2703 eum
1798 2665 1865 2702 est
1896 2661 2097 2715 dignatus
2131 2676 2368 2713 assumere,

181 2726 369 2778 qualium
411 2740 588 2780 regnum
632 2727 777 2768 docuit
816 2743 914 2770 esse
958 2731 1195 2779 caelorum;
1243 2735 1291 2771 ut
1334 2735 1376 2771 et
1420 2736 1650 2787 patronum
1681 2731 1904 2772 haberetis
1950 2745 2004 2771 ex
2037 2730 2123 2771 filio
2158 2734 2200 2771 et
2231 2731 2370 2771 minus

181 2793 384 2835 doleretis
418 2795 638 2848 amissum,
673 2811 799 2852 quem
835 2812 859 2838 a
892 2799 1064 2840 domino
1094 2800 1308 2841 videbatis
1341 2804 1626 2856 assumptum.
1688 2804 1788 2855 opto
1821 2799 1932 2840 bene
1965 2799 2117 2853 agatis.

317 2999 358 3033 14
384 2999 408 3033 I.
428 2999 505 3034 Cor.
532 3000 610 3041 XII,
636 3001 691 3035 26.
808 3003 852 3037 23
877 3003 940 3037 Iob
967 3004 993 3045 I,
1019 3004 1072 3038 21.
1190 3006 1234 3040 26
1259 3005 1324 3040 Iob
1352 3005 1396 3047 ΙΙ,
1423 3006 1474 3040 10.
1592 3006 1636 3040 32
1661 3005 1796 3042 Matth.
1816 3006 1911 3049 XIX,
1937 3006 1991 3041 14.

317 3114 332 3146 1
354 3116 536 3157 porciorem
556 3116 583 3148 G
596 3117 618 3157 ¹,
639 3118 812 3150 sorciorem
831 3119 882 3150 G2
977 3121 1038 3152 deo
1062 3121 1120 3153 sed
1138 3120 1248 3163 plane]
1263 3122 1462 3164 Illommsen,
1491 3123 1549 3155 sed
1570 3134 1612 3155 eu
1631 3122 1712 3165 (heu
1730 3123 1759 3156 G
1771 3122 1798 3164 2)
1823 3124 1962 3167 planum
1983 3122 2084 3165 (corr.
2099 3123 2238 3166 plenum
2256 3121 2322 3164 G¹)
2339 3122 2369 3154 G

177 3168 198 3201 3
223 3172 280 3203 rcd
317 3172 411 3205 distis
425 3174 454 3205 G
523 3185 561 3206 ac
579 3174 767 3217 medellam]
786 3188 804 3208 a
821 3177 995 3209 medellam
1019 3178 1058 3218 G,
1081 3190 1099 3209 a
1117 3179 1260 3210 medella
1277 3179 1360 3211 coni.
1377 3179 1565 3212 Blommsen
1683 3178 1701 3211 7
1719 3180 1900 3213 melantiae
1915 3180 1944 3212 G
2058 3179 2079 3211 9
2099 3178 2310 3222 subtilitatis]
2328 3180 2368 3221 G,

178 3228 376 3261 sublimitati
403 3230 486 3262 coni.
504 3230 664 3273 Basmtsse
828 3233 868 3265 11
895 3235 1041 3276 quadam
1066 3236 1164 3268 modo
1190 3237 1478 3279 consanguineam
1504 3236 1606 3278 (corr.
1634 3238 1925 3280 consanguineum
1947 3236 2012 3280 G¹)
2034 3237 2063 3269 G
2226 3235 2268 3269 12
2292 3235 2365 3279 uos]

177 3285 385 3327 L1'1'4jolezzizrz,
409 3284 479 3321 nob
501 3288 530 3319 G
669 3289 710 3321 13
735 3291 923 3324 accederint
946 3292 975 3324 G
1114 3292 1156 3325 15
1182 3291 1311 3336 eorum]
1337 3305 1436 3326 Tersu
1456 3300 1592 3327 exeunte
1612 3295 1664 3326 G.-
1687 3295 1844 3328 miserere
1868 3306 2011 3337 quorum
2031 3295 2141 3337 suppl.
2159 3294 2367 3336 Lv'ltjohamz,

179 3345 379 3384 persentire,
417 3356 499 3386 quos
525 3356 545 3377 a
574 3346 671 3378 nobis
696 3347 889 3380 indiuiduos
914 3360 984 3381 esse
1008 3355 1082 3392 post
1114 3352 1324 3384 incommoda
1349 3352 1459 3393 suppl.
1486 3351 1671 3384 Allommsen
1811 3353 2022 3395 percepimus
2055 3352 2139 3384 coni.
2166 3351 2363 3394 Lity'oharm

179 3400 219 3431 1⁶3
245 3402 303 3433 sed
329 3420 369 3423 —
396 3401 440 3433 33
464 3402 689 3446 assumptum]
716 3416 786 3436 cum
814 3406 957 3447 epistula
984 3407 1037 3448 II,
1059 3410 1080 3439 3
1105 3409 1303 3440 conveniunt
1401 3407 1527 3451 domni]
1551 3409 1580 3440 G
1733 3408 1775 3441 18
1800 3410 1934 3451 quidam
1964 3409 1993 3441 G
2139 3408 2181 3441 21
2208 3409 2316 3441 onmis
2337 3409 2367 3441 G

176 3456 219 3488 22
242 3459 430 3491 consolator
451 3460 479 3491 G
616 3459 660 3493 24
686 3467 718 3494 et
745 3480 784 3483 —
810 3460 852 3494 Ξῖ
880 3462 950 3505 Iob]
977 3476 1083 3506 snpra
1103 3477 1139 3507 p.
1159 3467 1232 3507 313,
1259 3467 1278 3498 l.
1297 3468 1318 3498 3
1343 3466 1580 3498 desideramm·
1719 3465 1761 3498 2?
1787 3467 1989 3499 accederunt
2011 3466 2040 3498 G
2178 3465 2222 3498 28
2250 3464 2364 3508 quem]

176 3515 320 3547 sciebam
347 3518 436 3558 quod
463 3518 494 3549 511
521 3530 571 3560 ep.
598 3518 653 3559 II,
678 3520 700 3550 3
724 3519 806 3552 add.
944 3520 988 3552 ‘259
1014 3523 1202 3555 mmlcrarer
1227 3521 1319 3565 11010]
1354 3524 1525 3555 moderare
1556 3534 1672 3555 reuerc
1700 3524 1729 3553 G
1764 3531 1769 3535 “
1867 3523 1911 3555 32
1937 3524 2014 3566 qual
2041 3522 2089 3564 (in
2116 3526 2222 3566 regnfi
2249 3523 2363 3555 docuit

175 3572 206 3602 iu
234 3584 299 3603 ras.
331 3574 399 3615 (Η)
430 3574 468 3612 G,
495 3576 645 3617 qualium
672 3588 813 3618 regnum
840 3577 922 3608 dixit
948 3589 1051 3620 supra
1082 3579 1132 3619 ll,
1156 3583 1176 3611 3
1269 3579 1323 3621 ex]
1349 3582 1377 3611 S:
1407 3580 1435 3609 (τ’

2418 1224 2451 1248 10

2416 1568 2447 1591 15

2415 1911 2448 1936 20

2411 2255 2444 2281 25

2407 2602 2440 2626 30

2550 3167 2552 3170 ⁴
2543 2925 2573 3146 ..ῆι-ᾋΙξμζκτ
