<?xml version="1.0" encoding="UTF-8"?>
<!DOCTYPE html PUBLIC "-//W3C//DTD XHTML 1.0 Transitional//EN"
    "http://www.w3.org/TR/xhtml1/DTD/xhtml1-transitional.dtd">
<html xmlns="http://www.w3.org/1999/xhtml" xml:lang="en" lang="en">
 <head>
  <title>
</title>
<meta http-equiv="Content-Type" content="text/html;charset=utf-8" />
  <meta name='ocr-system' content='tesseract 3.04.00' />
  <meta name='ocr-capabilities' content='ocr_page ocr_carea ocr_par ocr_line ocrx_word'/>
</head>
<body>
  <div class='ocr_page' id='page_1' title='image "./monumentager08geseuoft_0047.png"; bbox 0 0 2583 4011; ppageno 0'>
   <div class='ocr_carea' id='block_1_1' title="bbox 1155 196 2334 233">
    <p class='ocr_par' dir='ltr' id='par_1_1' title="bbox 1155 196 2334 233">
     <span class='ocr_line' id='line_1_1' title="bbox 1155 196 2334 233; baseline 0.003 -4"><span class='ocrx_word' id='word_1_1' title='bbox 1155 196 1337 230; x_wconf 63' lang='lat' dir='ltr'><strong>LEONI-5.</strong></span> <span class='ocrx_word' id='word_1_2' title='bbox 2261 203 2334 233; x_wconf 70' lang='lat' dir='ltr'>xm</span> 
     </span>
    </p>
   </div>
   <div class='ocr_carea' id='block_1_2' title="bbox 133 311 2335 437">
    <p class='ocr_par' dir='ltr' id='par_1_2' title="bbox 133 311 2335 437">
     <span class='ocr_line' id='line_1_2' title="bbox 133 311 2335 367; baseline 0 -13"><span class='ocrx_word' id='word_1_3' title='bbox 133 313 298 354; x_wconf 90' lang='lat' dir='ltr'>utimur</span> <span class='ocrx_word' id='word_1_4' title='bbox 319 312 624 366; x_wconf 83' lang='lat' dir='ltr'>cognationem</span> <span class='ocrx_word' id='word_1_5' title='bbox 648 311 727 352; x_wconf 88' lang='lat' dir='ltr'>hac</span> <span class='ocrx_word' id='word_1_6' title='bbox 751 311 939 365; x_wconf 83' lang='lat' dir='ltr'>imagine</span> <span class='ocrx_word' id='word_1_7' title='bbox 963 312 1192 352; x_wconf 81' lang='lat' dir='ltr'>inlustrare</span> <span class='ocrx_word' id='word_1_8' title='bbox 1217 312 1322 352; x_wconf 82' lang='lat' dir='ltr'>satis</span> <span class='ocrx_word' id='word_1_9' title='bbox 1350 312 1621 356; x_wconf 77' lang='lat' dir='ltr'>habebimus,</span> <span class='ocrx_word' id='word_1_10' title='bbox 1646 328 1698 352; x_wconf 76' lang='lat' dir='ltr'>ex</span> <span class='ocrx_word' id='word_1_11' title='bbox 1724 328 1805 367; x_wconf 73' lang='lat' dir='ltr'>qun</span> <span class='ocrx_word' id='word_1_12' title='bbox 1831 314 1949 365; x_wconf 61' lang='lat' dir='ltr'>leges</span> <span class='ocrx_word' id='word_1_13' title='bbox 1976 315 2335 355; x_wconf 67' lang='lat' dir='ltr'>rec-ensemlai-nm</span> 
     </span>
     <span class='ocr_line' id='line_1_3' title="bbox 134 379 1410 437; baseline -0.002 -15"><span class='ocrx_word' id='word_1_14' title='bbox 134 380 415 437; x_wconf 81' lang='lat' dir='ltr'>epistularum</span> <span class='ocrx_word' id='word_1_15' title='bbox 449 380 599 435; x_wconf 87' lang='lat' dir='ltr'>quales</span> <span class='ocrx_word' id='word_1_16' title='bbox 632 379 930 421; x_wconf 83' lang='lat' dir='ltr'>observandae</span> <span class='ocrx_word' id='word_1_17' title='bbox 963 380 1048 420; x_wconf 90' lang='lat' dir='ltr'>sint</span> <span class='ocrx_word' id='word_1_18' title='bbox 1080 380 1191 420; x_wconf 89' lang='lat' dir='ltr'>ultro</span> <span class='ocrx_word' id='word_1_19' title='bbox 1226 380 1410 420; x_wconf 73' lang='lat' dir='ltr'>eluceat.</span> 
     </span>
    </p>
   </div>
   <div class='ocr_carea' id='block_1_3' title="bbox 1148 1004 1263 1036">
    <p class='ocr_par' dir='ltr' id='par_1_3' title="bbox 1148 1004 1263 1036">
     <span class='ocr_line' id='line_1_4' title="bbox 1148 1004 1230 1024; baseline -0.012 0"><span class='ocrx_word' id='word_1_20' title='bbox 1148 1004 1230 1024; x_wconf 63' lang='lat' dir='ltr'>nnnnnnn</span> 
     </span>
     <span class='ocr_line' id='line_1_5' title="bbox 1251 1029 1263 1036; baseline 0 0"><span class='ocrx_word' id='word_1_21' title='bbox 1251 1029 1263 1036; x_wconf 73' lang='lat'><strong>.</strong></span> 
     </span>
    </p>
   </div>
   <div class='ocr_carea' id='block_1_4' title="bbox 133 1341 2342 1468">
    <p class='ocr_par' dir='ltr' id='par_1_4' title="bbox 133 1341 2342 1468">
     <span class='ocr_line' id='line_1_6' title="bbox 281 1341 2342 1399; baseline -0.001 -15"><span class='ocrx_word' id='word_1_22' title='bbox 281 1341 366 1384; x_wconf 91' lang='lat' dir='ltr'>His</span> <span class='ocrx_word' id='word_1_23' title='bbox 399 1342 644 1384; x_wconf 86' lang='lat' dir='ltr'>constitutis</span> <span class='ocrx_word' id='word_1_24' title='bbox 677 1341 729 1383; x_wconf 89' lang='lat' dir='ltr'>de</span> <span class='ocrx_word' id='word_1_25' title='bbox 753 1341 1017 1383; x_wconf 82' lang='lat' dir='ltr'>carminibus</span> <span class='ocrx_word' id='word_1_26' title='bbox 1042 1341 1322 1383; x_wconf 77' lang='lat' dir='ltr'>recensendis</span> <span class='ocrx_word' id='word_1_27' title='bbox 1356 1341 1490 1382; x_wconf 87' lang='lat' dir='ltr'>multo</span> <span class='ocrx_word' id='word_1_28' title='bbox 1525 1341 1701 1383; x_wconf 75' lang='lat' dir='ltr'>brevius</span> <span class='ocrx_word' id='word_1_29' title='bbox 1735 1342 1945 1397; x_wconf 81' lang='lat' dir='ltr'>disputari</span> <span class='ocrx_word' id='word_1_30' title='bbox 1981 1344 2152 1398; x_wconf 83' lang='lat' dir='ltr'>poterit.</span> <span class='ocrx_word' id='word_1_31' title='bbox 2214 1350 2342 1399; x_wconf 71' lang='lat' dir='ltr'>atque</span> 
     </span>
     <span class='ocr_line' id='line_1_7' title="bbox 133 1410 2338 1468; baseline 0 -15"><span class='ocrx_word' id='word_1_32' title='bbox 133 1425 243 1468; x_wconf 90' lang='lat' dir='ltr'>quae</span> <span class='ocrx_word' id='word_1_33' title='bbox 275 1411 537 1467; x_wconf 84' lang='lat' dir='ltr'>gravissima</span> <span class='ocrx_word' id='word_1_34' title='bbox 574 1414 672 1452; x_wconf 91' lang='lat' dir='ltr'>sunt</span> <span class='ocrx_word' id='word_1_35' title='bbox 714 1411 799 1452; x_wconf 88' lang='lat' dir='ltr'>iam</span> <span class='ocrx_word' id='word_1_36' title='bbox 832 1410 1138 1460; x_wconf 76' lang='lat' dir='ltr'>indicavimus,</span> <span class='ocrx_word' id='word_1_37' title='bbox 1179 1410 1237 1451; x_wconf 83' lang='lat' dir='ltr'><strong><em>M</em></strong></span> <span class='ocrx_word' id='word_1_38' title='bbox 1270 1425 1468 1452; x_wconf 81' lang='lat' dir='ltr'>servasse</span> <span class='ocrx_word' id='word_1_39' title='bbox 1503 1411 1694 1452; x_wconf 81' lang='lat' dir='ltr'>carmina</span> <span class='ocrx_word' id='word_1_40' title='bbox 1728 1410 1922 1452; x_wconf 74' lang='lat' dir='ltr'>l—Vlll</span> <span class='ocrx_word' id='word_1_41' title='bbox 1959 1426 2012 1452; x_wconf 73' lang='lat' dir='ltr'>vx</span> <span class='ocrx_word' id='word_1_42' title='bbox 2046 1426 2071 1451; x_wconf 83' lang='grc' dir='ltr'>σ</span> <span class='ocrx_word' id='word_1_43' title='bbox 2105 1412 2144 1452; x_wconf 91' lang='lat' dir='ltr'>in</span> <span class='ocrx_word' id='word_1_44' title='bbox 2178 1418 2206 1465; x_wconf 76' lang='grc' dir='ltr'>ρ’</span> <span class='ocrx_word' id='word_1_45' title='bbox 2238 1428 2338 1468; x_wconf 82' lang='lat' dir='ltr'>sup-</span> 
     </span>
    </p>
   </div>
   <div class='ocr_carea' id='block_1_5' title="bbox 133 1479 2408 1537">
    <p class='ocr_par' dir='ltr' id='par_1_5' title="bbox 133 1479 2408 1537">
     <span class='ocr_line' id='line_1_8' title="bbox 133 1479 2408 1537; baseline -0.002 -14"><span class='ocrx_word' id='word_1_46' title='bbox 133 1482 268 1537; x_wconf 79' lang='lat' dir='ltr'>pleta,</span> <span class='ocrx_word' id='word_1_47' title='bbox 301 1480 327 1522; x_wconf 83' lang='grc' dir='ltr'><em>δ</em></span> <span class='ocrx_word' id='word_1_48' title='bbox 357 1481 549 1522; x_wconf 86' lang='lat' dir='ltr'>carmina</span> <span class='ocrx_word' id='word_1_49' title='bbox 571 1480 715 1521; x_wconf 87' lang='lat' dir='ltr'>onmia</span> <span class='ocrx_word' id='word_1_50' title='bbox 738 1494 794 1521; x_wconf 82' lang='lat' dir='ltr'>ex</span> <span class='ocrx_word' id='word_1_51' title='bbox 817 1480 901 1521; x_wconf 88' lang='lat' dir='ltr'>alio</span> <span class='ocrx_word' id='word_1_52' title='bbox 927 1479 1075 1522; x_wconf 89' lang='lat' dir='ltr'>codice</span> <span class='ocrx_word' id='word_1_53' title='bbox 1100 1480 1159 1532; x_wconf 76' lang='grc' dir='ltr'>(κ)</span> <span class='ocrx_word' id='word_1_54' title='bbox 1183 1479 1494 1535; x_wconf 81' lang='lat' dir='ltr'>adsumpsisse.</span> <span class='ocrx_word' id='word_1_55' title='bbox 1549 1481 1982 1521; x_wconf 79' lang='lat' dir='ltr'>commemoravimus</span> <span class='ocrx_word' id='word_1_56' title='bbox 2017 1481 2161 1525; x_wconf 78' lang='lat' dir='ltr'>etiam,</span> <span class='ocrx_word' id='word_1_57' title='bbox 2200 1482 2236 1521; x_wconf 80' lang='lat' dir='ltr'><em>T</em></span> <span class='ocrx_word' id='word_1_58' title='bbox 2254 1482 2278 1522; x_wconf 89' lang='lat' dir='ltr'>i.</span> <span class='ocrx_word' id='word_1_59' title='bbox 2303 1499 2339 1523; x_wconf 73' lang='grc' dir='ltr'>υ.</span> <span class='ocrx_word' id='word_1_60' title='bbox 2380 1491 2408 1518; x_wconf 74' lang='grc' dir='ltr'><strong><em>κ</em></strong></span> 
     </span>
    </p>
   </div>
   <div class='ocr_carea' id='block_1_6' title="bbox 131 1549 2344 3751">
    <p class='ocr_par' dir='ltr' id='par_1_6' title="bbox 131 1549 2344 3751">
     <span class='ocr_line' id='line_1_9' title="bbox 131 1549 2340 1606; baseline -0.001 -13"><span class='ocrx_word' id='word_1_61' title='bbox 131 1565 151 1593; x_wconf 89' lang='grc' dir='ltr'><strong><em>ε</em></strong></span> <span class='ocrx_word' id='word_1_62' title='bbox 184 1555 227 1592; x_wconf 91' lang='lat' dir='ltr'>et</span> <span class='ocrx_word' id='word_1_63' title='bbox 258 1551 396 1606; x_wconf 88' lang='lat' dir='ltr'>ipsum</span> <span class='ocrx_word' id='word_1_64' title='bbox 429 1550 580 1592; x_wconf 91' lang='lat' dir='ltr'>eodem</span> <span class='ocrx_word' id='word_1_65' title='bbox 623 1550 677 1592; x_wconf 89' lang='lat' dir='ltr'>de</span> <span class='ocrx_word' id='word_1_66' title='bbox 710 1550 829 1591; x_wconf 87' lang='lat' dir='ltr'>fonte</span> <span class='ocrx_word' id='word_1_67' title='bbox 864 1550 930 1591; x_wconf 92' lang='lat' dir='ltr'>vel</span> <span class='ocrx_word' id='word_1_68' title='bbox 963 1551 1105 1606; x_wconf 90' lang='lat' dir='ltr'>potius</span> <span class='ocrx_word' id='word_1_69' title='bbox 1139 1564 1194 1591; x_wconf 80' lang='lat' dir='ltr'>ex</span> <span class='ocrx_word' id='word_1_70' title='bbox 1227 1549 1252 1590; x_wconf 80' lang='grc' dir='ltr'>ὁ</span> <span class='ocrx_word' id='word_1_71' title='bbox 1284 1550 1473 1591; x_wconf 90' lang='lat' dir='ltr'>carmina</span> <span class='ocrx_word' id='word_1_72' title='bbox 1507 1550 1706 1606; x_wconf 84' lang='lat' dir='ltr'>epistulis</span> <span class='ocrx_word' id='word_1_73' title='bbox 1739 1550 1881 1590; x_wconf 78' lang='lat' dir='ltr'>omnia</span> <span class='ocrx_word' id='word_1_74' title='bbox 1915 1549 2149 1591; x_wconf 75' lang='lat' dir='ltr'>adiecisse:</span> <span class='ocrx_word' id='word_1_75' title='bbox 2193 1565 2340 1605; x_wconf 82' lang='lat' dir='ltr'>quam-</span> 
     </span>
     <span class='ocr_line' id='line_1_10' title="bbox 132 1618 2340 1675; baseline -0 -14"><span class='ocrx_word' id='word_1_76' title='bbox 132 1633 280 1674; x_wconf 84' lang='lat' dir='ltr'>quam,</span> <span class='ocrx_word' id='word_1_77' title='bbox 323 1633 434 1675; x_wconf 90' lang='lat' dir='ltr'>quae</span> <span class='ocrx_word' id='word_1_78' title='bbox 468 1624 536 1661; x_wconf 92' lang='lat' dir='ltr'>est</span> <span class='ocrx_word' id='word_1_79' title='bbox 567 1619 728 1661; x_wconf 87' lang='lat' dir='ltr'>codicis</span> <span class='ocrx_word' id='word_1_80' title='bbox 763 1618 980 1671; x_wconf 82' lang='lat' dir='ltr'>condicio,</span> <span class='ocrx_word' id='word_1_81' title='bbox 1021 1619 1225 1674; x_wconf 82' lang='lat' dir='ltr'>sponderi</span> <span class='ocrx_word' id='word_1_82' title='bbox 1258 1633 1344 1660; x_wconf 92' lang='lat' dir='ltr'>non</span> <span class='ocrx_word' id='word_1_83' title='bbox 1378 1624 1522 1675; x_wconf 84' lang='lat' dir='ltr'>potest</span> <span class='ocrx_word' id='word_1_84' title='bbox 1556 1634 1637 1660; x_wconf 78' lang='lat' dir='ltr'>non</span> <span class='ocrx_word' id='word_1_85' title='bbox 1672 1635 1726 1660; x_wconf 81' lang='lat' dir='ltr'>ex</span> <span class='ocrx_word' id='word_1_86' title='bbox 1759 1635 1783 1674; x_wconf 74' lang='lat' dir='ltr'><em>y</em></span> <span class='ocrx_word' id='word_1_87' title='bbox 1815 1620 2003 1660; x_wconf 82' lang='lat' dir='ltr'>carmina</span> <span class='ocrx_word' id='word_1_88' title='bbox 2041 1619 2229 1659; x_wconf 58' lang='lat' dir='ltr'>I—Xlll</span> <span class='ocrx_word' id='word_1_89' title='bbox 2267 1620 2340 1660; x_wconf 74' lang='lat' dir='ltr'>ad-</span> 
     </span>
     <span class='ocr_line' id='line_1_11' title="bbox 133 1687 2341 1744; baseline 0 -15"><span class='ocrx_word' id='word_1_90' title='bbox 133 1692 305 1744; x_wconf 88' lang='lat' dir='ltr'>sumpta</span> <span class='ocrx_word' id='word_1_91' title='bbox 338 1692 381 1730; x_wconf 90' lang='lat' dir='ltr'>et</span> <span class='ocrx_word' id='word_1_92' title='bbox 417 1688 471 1729; x_wconf 89' lang='lat' dir='ltr'>ad</span> <span class='ocrx_word' id='word_1_93' title='bbox 503 1688 728 1730; x_wconf 83' lang='lat' dir='ltr'>arbitrium</span> <span class='ocrx_word' id='word_1_94' title='bbox 762 1693 957 1730; x_wconf 83' lang='lat' dir='ltr'>correcta</span> <span class='ocrx_word' id='word_1_95' title='bbox 991 1702 1103 1740; x_wconf 88' lang='lat' dir='ltr'>esse,</span> <span class='ocrx_word' id='word_1_96' title='bbox 1137 1687 1294 1730; x_wconf 91' lang='lat' dir='ltr'>deinde</span> <span class='ocrx_word' id='word_1_97' title='bbox 1329 1688 1495 1743; x_wconf 83' lang='lat' dir='ltr'>reliqua</span> <span class='ocrx_word' id='word_1_98' title='bbox 1529 1703 1584 1729; x_wconf 83' lang='lat' dir='ltr'>ex</span> <span class='ocrx_word' id='word_1_99' title='bbox 1618 1688 1642 1727; x_wconf 77' lang='grc' dir='ltr'>ὁ</span> <span class='ocrx_word' id='word_1_100' title='bbox 1674 1688 1756 1728; x_wconf 78' lang='lat' dir='ltr'>illis</span> <span class='ocrx_word' id='word_1_101' title='bbox 1779 1687 1995 1729; x_wconf 81' lang='lat' dir='ltr'>adiuncta.</span> <span class='ocrx_word' id='word_1_102' title='bbox 2059 1703 2136 1729; x_wconf 80' lang='lat' dir='ltr'>nec</span> <span class='ocrx_word' id='word_1_103' title='bbox 2162 1689 2341 1729; x_wconf 85' lang='lat' dir='ltr'>multum</span> 
     </span>
     <span class='ocr_line' id='line_1_12' title="bbox 131 1757 2342 1812; baseline -0.002 -14"><span class='ocrx_word' id='word_1_104' title='bbox 131 1758 265 1799; x_wconf 83' lang='lat' dir='ltr'>refert</span> <span class='ocrx_word' id='word_1_105' title='bbox 297 1757 379 1798; x_wconf 87' lang='lat' dir='ltr'>hoc</span> <span class='ocrx_word' id='word_1_106' title='bbox 413 1757 669 1808; x_wconf 79' lang='lat' dir='ltr'>diiudicare,</span> <span class='ocrx_word' id='word_1_107' title='bbox 711 1757 925 1812; x_wconf 86' lang='lat' dir='ltr'>siquidem</span> <span class='ocrx_word' id='word_1_108' title='bbox 959 1772 985 1799; x_wconf 89' lang='grc' dir='ltr'><strong>σ</strong></span> <span class='ocrx_word' id='word_1_109' title='bbox 1018 1762 1061 1799; x_wconf 87' lang='lat' dir='ltr'>et</span> <span class='ocrx_word' id='word_1_110' title='bbox 1092 1773 1118 1798; x_wconf 83' lang='grc' dir='ltr'>κ</span> <span class='ocrx_word' id='word_1_111' title='bbox 1150 1757 1204 1798; x_wconf 88' lang='lat' dir='ltr'>ad</span> <span class='ocrx_word' id='word_1_112' title='bbox 1237 1757 1432 1799; x_wconf 85' lang='lat' dir='ltr'>codicem</span> <span class='ocrx_word' id='word_1_113' title='bbox 1466 1772 1598 1798; x_wconf 88' lang='lat' dir='ltr'>unum</span> <span class='ocrx_word' id='word_1_114' title='bbox 1634 1757 1906 1812; x_wconf 80' lang='lat' dir='ltr'>eundemque</span> <span class='ocrx_word' id='word_1_115' title='bbox 1942 1757 2080 1799; x_wconf 82' lang='lat' dir='ltr'>redire</span> <span class='ocrx_word' id='word_1_116' title='bbox 2116 1759 2342 1798; x_wconf 68' lang='lat' dir='ltr'>manifesto</span> 
     </span>
     <span class='ocr_line' id='line_1_13' title="bbox 132 1826 2343 1882; baseline -0.001 -14"><span class='ocrx_word' id='word_1_117' title='bbox 132 1826 291 1868; x_wconf 87' lang='lat' dir='ltr'>docent</span> <span class='ocrx_word' id='word_1_118' title='bbox 323 1827 595 1882; x_wconf 88' lang='lat' dir='ltr'>corruptelae</span> <span class='ocrx_word' id='word_1_119' title='bbox 637 1827 836 1868; x_wconf 86' lang='lat' dir='ltr'>omnibus</span> <span class='ocrx_word' id='word_1_120' title='bbox 877 1827 998 1869; x_wconf 87' lang='lat' dir='ltr'>libris</span> <span class='ocrx_word' id='word_1_121' title='bbox 1032 1841 1281 1868; x_wconf 89' lang='lat' dir='ltr'>communes</span> <span class='ocrx_word' id='word_1_122' title='bbox 1323 1841 1430 1882; x_wconf 87' lang='lat' dir='ltr'>quas</span> <span class='ocrx_word' id='word_1_123' title='bbox 1472 1831 1545 1867; x_wconf 85' lang='lat' dir='ltr'>aut</span> <span class='ocrx_word' id='word_1_124' title='bbox 1577 1841 1601 1867; x_wconf 84' lang='lat' dir='ltr'>a</span> <span class='ocrx_word' id='word_1_125' title='bbox 1641 1827 1826 1868; x_wconf 81' lang='lat' dir='ltr'>librariis</span> <span class='ocrx_word' id='word_1_126' title='bbox 1861 1826 2155 1867; x_wconf 78' lang='lat' dir='ltr'>editoribusve</span> <span class='ocrx_word' id='word_1_127' title='bbox 2196 1827 2343 1882; x_wconf 83' lang='lat' dir='ltr'>primis</span> 
     </span>
     <span class='ocr_line' id='line_1_14' title="bbox 133 1896 2343 1951; baseline 0 -14"><span class='ocrx_word' id='word_1_128' title='bbox 133 1896 206 1950; x_wconf 89' lang='lat' dir='ltr'>(cf.</span> <span class='ocrx_word' id='word_1_129' title='bbox 240 1896 297 1948; x_wconf 86' lang='lat' dir='ltr'>II,</span> <span class='ocrx_word' id='word_1_130' title='bbox 318 1899 384 1938; x_wconf 81' lang='lat'><strong>59.</strong></span> <span class='ocrx_word' id='word_1_131' title='bbox 405 1898 471 1937; x_wconf 83' lang='lat'><strong>93.</strong></span> <span class='ocrx_word' id='word_1_132' title='bbox 492 1898 588 1939; x_wconf 83' lang='lat'><strong>327.</strong></span> <span class='ocrx_word' id='word_1_133' title='bbox 608 1899 712 1939; x_wconf 85' lang='lat'><strong>501:</strong></span> <span class='ocrx_word' id='word_1_134' title='bbox 745 1896 799 1945; x_wconf 77' lang='lat' dir='ltr'>V,</span> <span class='ocrx_word' id='word_1_135' title='bbox 819 1898 886 1939; x_wconf 88' lang='grc'>46.</span> <span class='ocrx_word' id='word_1_136' title='bbox 906 1898 1008 1939; x_wconf 85' lang='grc'><strong>548;</strong></span> <span class='ocrx_word' id='word_1_137' title='bbox 1041 1896 1144 1947; x_wconf 71' lang='lat' dir='ltr'><strong>VII,</strong></span> <span class='ocrx_word' id='word_1_138' title='bbox 1166 1897 1233 1939; x_wconf 87' lang='grc'>20.</span> <span class='ocrx_word' id='word_1_139' title='bbox 1253 1898 1346 1938; x_wconf 85' lang='grc'><strong>258.</strong></span> <span class='ocrx_word' id='word_1_140' title='bbox 1372 1899 1467 1938; x_wconf 83' lang='grc'><strong>314.</strong></span> <span class='ocrx_word' id='word_1_141' title='bbox 1488 1898 1582 1938; x_wconf 90' lang='grc'><strong>322.</strong></span> <span class='ocrx_word' id='word_1_142' title='bbox 1602 1899 1697 1939; x_wconf 86' lang='grc'><strong>348.</strong></span> <span class='ocrx_word' id='word_1_143' title='bbox 1719 1900 1819 1951; x_wconf 21' lang='grc'><strong>451.)</strong></span> <span class='ocrx_word' id='word_1_144' title='bbox 1854 1897 2035 1951; x_wconf 80' lang='lat' dir='ltr'>legimus</span> <span class='ocrx_word' id='word_1_145' title='bbox 2075 1903 2149 1937; x_wconf 80' lang='lat' dir='ltr'>aut</span> <span class='ocrx_word' id='word_1_146' title='bbox 2187 1912 2209 1937; x_wconf 82' lang='lat' dir='ltr'>a</span> <span class='ocrx_word' id='word_1_147' title='bbox 2244 1897 2343 1937; x_wconf 79' lang='lat' dir='ltr'>viris</span> 
     </span>
     <span class='ocr_line' id='line_1_15' title="bbox 133 1965 2343 2020; baseline -0 -14"><span class='ocrx_word' id='word_1_148' title='bbox 133 1965 273 2007; x_wconf 89' lang='lat' dir='ltr'>doctis</span> <span class='ocrx_word' id='word_1_149' title='bbox 315 1966 539 2008; x_wconf 79' lang='lat' dir='ltr'>evidenter</span> <span class='ocrx_word' id='word_1_150' title='bbox 580 1969 799 2007; x_wconf 85' lang='lat' dir='ltr'>correctas</span> <span class='ocrx_word' id='word_1_151' title='bbox 844 1966 916 2020; x_wconf 86' lang='lat' dir='ltr'>(ef.</span> <span class='ocrx_word' id='word_1_152' title='bbox 950 1966 1007 2015; x_wconf 75' lang='grc' dir='ltr'>ΙΙ,</span> <span class='ocrx_word' id='word_1_153' title='bbox 1029 1968 1123 2007; x_wconf 87' lang='grc'><strong>475.</strong></span> <span class='ocrx_word' id='word_1_154' title='bbox 1145 1967 1249 2007; x_wconf 81' lang='lat'>537:</span> <span class='ocrx_word' id='word_1_155' title='bbox 1282 1966 1335 2008; x_wconf 87' lang='lat' dir='ltr'><strong>V.</strong></span> <span class='ocrx_word' id='word_1_156' title='bbox 1362 1968 1422 2006; x_wconf 79' lang='grc'>19.</span> <span class='ocrx_word' id='word_1_157' title='bbox 1444 1967 1540 2008; x_wconf 84' lang='grc'><strong>412.</strong></span> <span class='ocrx_word' id='word_1_158' title='bbox 1562 1968 1664 2008; x_wconf 79' lang='grc'><strong>594;</strong></span> <span class='ocrx_word' id='word_1_159' title='bbox 1700 1965 1799 2009; x_wconf 71' lang='grc' dir='ltr'>ΥΠ.</span> <span class='ocrx_word' id='word_1_160' title='bbox 1822 1969 1884 2007; x_wconf 84' lang='grc'>75.</span> <span class='ocrx_word' id='word_1_161' title='bbox 1910 1968 1999 2007; x_wconf 89' lang='grc'><strong>185.</strong></span> <span class='ocrx_word' id='word_1_162' title='bbox 2020 1968 2116 2007; x_wconf 67' lang='grc'><strong>232.</strong></span> <span class='ocrx_word' id='word_1_163' title='bbox 2139 1968 2238 2015; x_wconf 69' lang='grc'><strong>324)</strong></span> <span class='ocrx_word' id='word_1_164' title='bbox 2272 1973 2343 2007; x_wconf 77' lang='lat' dir='ltr'>aut</span> 
     </span>
     <span class='ocr_line' id='line_1_16' title="bbox 134 2035 2340 2091; baseline 0 -13"><span class='ocrx_word' id='word_1_165' title='bbox 134 2035 367 2079; x_wconf 88' lang='lat' dir='ltr'>emendare</span> <span class='ocrx_word' id='word_1_166' title='bbox 409 2050 494 2076; x_wconf 91' lang='lat' dir='ltr'>non</span> <span class='ocrx_word' id='word_1_167' title='bbox 528 2036 742 2077; x_wconf 81' lang='lat' dir='ltr'>valuimus</span> <span class='ocrx_word' id='word_1_168' title='bbox 775 2041 821 2077; x_wconf 91' lang='lat' dir='ltr'>ut</span> <span class='ocrx_word' id='word_1_169' title='bbox 847 2036 897 2084; x_wconf 71' lang='lat' dir='ltr'>V,</span> <span class='ocrx_word' id='word_1_170' title='bbox 917 2038 1013 2078; x_wconf 79' lang='lat'><strong>353.</strong></span> <span class='ocrx_word' id='word_1_171' title='bbox 1034 2038 1129 2077; x_wconf 77' lang='grc'><strong>406.</strong></span> <span class='ocrx_word' id='word_1_172' title='bbox 1192 2036 1275 2076; x_wconf 82' lang='lat' dir='ltr'>ista</span> <span class='ocrx_word' id='word_1_173' title='bbox 1307 2035 1532 2076; x_wconf 81' lang='lat' dir='ltr'>dumtaxat</span> <span class='ocrx_word' id='word_1_174' title='bbox 1566 2036 1781 2091; x_wconf 83' lang='lat' dir='ltr'>pertinent</span> <span class='ocrx_word' id='word_1_175' title='bbox 1813 2036 1865 2077; x_wconf 78' lang='lat' dir='ltr'>ud</span> <span class='ocrx_word' id='word_1_176' title='bbox 1901 2037 2091 2077; x_wconf 72' lang='lat' dir='ltr'>carmina</span> <span class='ocrx_word' id='word_1_177' title='bbox 2126 2035 2340 2078; x_wconf 75' lang='lat' dir='ltr'>l-—Vlllz</span> 
     </span>
     <span class='ocr_line' id='line_1_17' title="bbox 133 2104 2340 2148; baseline -0.001 -1"><span class='ocrx_word' id='word_1_178' title='bbox 133 2105 209 2148; x_wconf 89' lang='lat' dir='ltr'>sed</span> <span class='ocrx_word' id='word_1_179' title='bbox 257 2105 480 2147; x_wconf 87' lang='lat' dir='ltr'>commode</span> <span class='ocrx_word' id='word_1_180' title='bbox 523 2105 651 2146; x_wconf 87' lang='lat' dir='ltr'>simul</span> <span class='ocrx_word' id='word_1_181' title='bbox 697 2105 979 2147; x_wconf 84' lang='lat' dir='ltr'>ostendemus</span> <span class='ocrx_word' id='word_1_182' title='bbox 1020 2106 1150 2147; x_wconf 88' lang='lat' dir='ltr'>etiam</span> <span class='ocrx_word' id='word_1_183' title='bbox 1195 2104 1433 2146; x_wconf 69' lang='lat' dir='ltr'>carminum</span> <span class='ocrx_word' id='word_1_184' title='bbox 1467 2104 1743 2145; x_wconf 68' lang='grc' dir='ltr'>ΙΧ-ΧΧΙΥ</span> <span class='ocrx_word' id='word_1_185' title='bbox 1783 2106 1912 2147; x_wconf 83' lang='lat' dir='ltr'>libros</span> <span class='ocrx_word' id='word_1_186' title='bbox 1953 2120 2035 2146; x_wconf 87' lang='lat' dir='ltr'>non</span> <span class='ocrx_word' id='word_1_187' title='bbox 2082 2106 2172 2146; x_wconf 78' lang='lat' dir='ltr'>sine</span> <span class='ocrx_word' id='word_1_188' title='bbox 2213 2120 2340 2146; x_wconf 72' lang='lat' dir='ltr'>causa</span> 
     </span>
     <span class='ocr_line' id='line_1_18' title="bbox 133 2174 2342 2230; baseline 0 -15"><span class='ocrx_word' id='word_1_189' title='bbox 133 2174 187 2215; x_wconf 91' lang='lat' dir='ltr'>ad</span> <span class='ocrx_word' id='word_1_190' title='bbox 226 2188 358 2215; x_wconf 87' lang='lat' dir='ltr'>unum</span> <span class='ocrx_word' id='word_1_191' title='bbox 399 2175 625 2229; x_wconf 86' lang='lat' dir='ltr'>exemplar</span> <span class='ocrx_word' id='word_1_192' title='bbox 663 2189 739 2216; x_wconf 86' lang='lat' dir='ltr'>nos</span> <span class='ocrx_word' id='word_1_193' title='bbox 778 2175 1012 2216; x_wconf 87' lang='lat' dir='ltr'>rettulisse.</span> <span class='ocrx_word' id='word_1_194' title='bbox 1076 2174 1128 2216; x_wconf 88' lang='lat' dir='ltr'>de</span> <span class='ocrx_word' id='word_1_195' title='bbox 1162 2190 1187 2216; x_wconf 76' lang='grc' dir='ltr'>κ</span> <span class='ocrx_word' id='word_1_196' title='bbox 1220 2175 1350 2229; x_wconf 79' lang='lat' dir='ltr'>igitur</span> <span class='ocrx_word' id='word_1_197' title='bbox 1384 2174 1532 2215; x_wconf 85' lang='lat' dir='ltr'>codice</span> <span class='ocrx_word' id='word_1_198' title='bbox 1577 2175 1679 2215; x_wconf 82' lang='lat' dir='ltr'>satis</span> <span class='ocrx_word' id='word_1_199' title='bbox 1713 2180 1915 2230; x_wconf 78' lang='lat' dir='ltr'>corrupto</span> <span class='ocrx_word' id='word_1_200' title='bbox 1950 2176 2145 2216; x_wconf 73' lang='lat' dir='ltr'>conferas</span> <span class='ocrx_word' id='word_1_201' title='bbox 2183 2174 2342 2220; x_wconf 69' lang='lat' dir='ltr'><strong>[X,‹55.</strong></span> 
     </span>
     <span class='ocr_line' id='line_1_19' title="bbox 134 2243 2342 2291; baseline 0.002 -7"><span class='ocrx_word' id='word_1_202' title='bbox 134 2245 228 2284; x_wconf 81' lang='lat'><strong>215.</strong></span> <span class='ocrx_word' id='word_1_203' title='bbox 250 2245 346 2284; x_wconf 83' lang='lat'><strong>260.</strong></span> <span class='ocrx_word' id='word_1_204' title='bbox 370 2244 466 2284; x_wconf 85' lang='grc'><strong>285.</strong></span> <span class='ocrx_word' id='word_1_205' title='bbox 487 2245 590 2285; x_wconf 73' lang='lat'>295:</span> <span class='ocrx_word' id='word_1_206' title='bbox 634 2243 713 2291; x_wconf 64' lang='lat' dir='ltr'>XI,</span> <span class='ocrx_word' id='word_1_207' title='bbox 734 2245 800 2285; x_wconf 82' lang='grc'>71.</span> <span class='ocrx_word' id='word_1_208' title='bbox 821 2246 883 2285; x_wconf 82' lang='grc'>75.</span> <span class='ocrx_word' id='word_1_209' title='bbox 914 2245 1007 2286; x_wconf 84' lang='grc' dir='ltr'><strong>Ι24;</strong></span> <span class='ocrx_word' id='word_1_210' title='bbox 1060 2243 1187 2288; x_wconf 81' lang='lat' dir='ltr'><strong>XIII.</strong></span> <span class='ocrx_word' id='word_1_211' title='bbox 1216 2246 1281 2285; x_wconf 78' lang='lat'>19:</span> <span class='ocrx_word' id='word_1_212' title='bbox 1326 2243 2183 2288; x_wconf 33' lang='lat' dir='ltr'><strong>XV,21.4.1.1:32.l—14.167.175.1⁵&gt;2:</strong></span> <span class='ocrx_word' id='word_1_213' title='bbox 2224 2245 2342 2288; x_wconf 74' lang='lat' dir='ltr'><strong>XVI.</strong></span> 
     </span>
     <span class='ocr_line' id='line_1_20' title="bbox 137 2312 2207 2368; baseline 0 -15"><span class='ocrx_word' id='word_1_214' title='bbox 137 2315 200 2353; x_wconf 86' lang='grc'>14.</span> <span class='ocrx_word' id='word_1_215' title='bbox 227 2314 325 2354; x_wconf 86' lang='grc'><strong>113;</strong></span> <span class='ocrx_word' id='word_1_216' title='bbox 358 2312 528 2359; x_wconf 76' lang='lat' dir='ltr'><strong>XXIII.</strong></span> <span class='ocrx_word' id='word_1_217' title='bbox 554 2314 614 2355; x_wconf 88' lang='grc'>13.</span> <span class='ocrx_word' id='word_1_218' title='bbox 641 2315 730 2354; x_wconf 85' lang='grc'><strong>135.</strong></span> <span class='ocrx_word' id='word_1_219' title='bbox 753 2314 848 2354; x_wconf 91' lang='grc'><strong>207.</strong></span> <span class='ocrx_word' id='word_1_220' title='bbox 869 2316 965 2355; x_wconf 81' lang='grc'><strong>304.</strong></span> <span class='ocrx_word' id='word_1_221' title='bbox 985 2314 1081 2355; x_wconf 87' lang='grc'><strong>321.</strong></span> <span class='ocrx_word' id='word_1_222' title='bbox 1100 2315 1199 2354; x_wconf 84' lang='grc'><strong>361.</strong></span> <span class='ocrx_word' id='word_1_223' title='bbox 1217 2312 1312 2354; x_wconf 83' lang='grc'><strong>389.</strong></span> <span class='ocrx_word' id='word_1_224' title='bbox 1336 2315 1435 2355; x_wconf 82' lang='grc'><strong>501;</strong></span> <span class='ocrx_word' id='word_1_225' title='bbox 1471 2327 1508 2368; x_wconf 86' lang='lat' dir='ltr'>p.</span> <span class='ocrx_word' id='word_1_226' title='bbox 1535 2315 1629 2361; x_wconf 78' lang='lat'>250,</span> <span class='ocrx_word' id='word_1_227' title='bbox 1651 2314 1672 2352; x_wconf 91' lang='lat'><strong>7</strong></span> <span class='ocrx_word' id='word_1_228' title='bbox 1707 2313 1881 2363; x_wconf 73' lang='lat' dir='ltr'>(Farine&#39;</span> <span class='ocrx_word' id='word_1_229' title='bbox 1913 2328 1986 2368; x_wconf 85' lang='lat' dir='ltr'>pro</span> <span class='ocrx_word' id='word_1_230' title='bbox 2019 2313 2207 2367; x_wconf 74' lang='lat' dir='ltr'>Earini).</span> 
     </span>
     <span class='ocr_line' id='line_1_21' title="bbox 277 2381 2342 2437; baseline 0 -15"><span class='ocrx_word' id='word_1_231' title='bbox 277 2381 418 2423; x_wconf 90' lang='lat' dir='ltr'>Unius</span> <span class='ocrx_word' id='word_1_232' title='bbox 460 2382 591 2437; x_wconf 82' lang='lat' dir='ltr'>igitur</span> <span class='ocrx_word' id='word_1_233' title='bbox 632 2382 793 2424; x_wconf 88' lang='lat' dir='ltr'>codicis</span> <span class='ocrx_word' id='word_1_234' title='bbox 826 2383 1024 2437; x_wconf 85' lang='lat' dir='ltr'>germina</span> <span class='ocrx_word' id='word_1_235' title='bbox 1056 2382 1116 2423; x_wconf 77' lang='lat' dir='ltr'><em>M</em></span> <span class='ocrx_word' id='word_1_236' title='bbox 1143 2386 1186 2423; x_wconf 88' lang='lat' dir='ltr'>et</span> <span class='ocrx_word' id='word_1_237' title='bbox 1217 2397 1262 2427; x_wconf 77' lang='grc' dir='ltr'>κ,</span> <span class='ocrx_word' id='word_1_238' title='bbox 1307 2381 1462 2436; x_wconf 87' lang='lat' dir='ltr'>quibus</span> <span class='ocrx_word' id='word_1_239' title='bbox 1496 2381 1536 2421; x_wconf 91' lang='lat' dir='ltr'>in</span> <span class='ocrx_word' id='word_1_240' title='bbox 1571 2382 1834 2423; x_wconf 83' lang='lat' dir='ltr'>carminibus</span> <span class='ocrx_word' id='word_1_241' title='bbox 1871 2382 2061 2423; x_wconf 72' lang='lat' dir='ltr'>l-—Vlll</span> <span class='ocrx_word' id='word_1_242' title='bbox 2099 2383 2197 2428; x_wconf 82' lang='lat' dir='ltr'>(nisi</span> <span class='ocrx_word' id='word_1_243' title='bbox 2232 2382 2342 2437; x_wconf 82' lang='lat' dir='ltr'>quod</span> 
     </span>
     <span class='ocr_line' id='line_1_22' title="bbox 133 2450 2344 2506; baseline 0 -15"><span class='ocrx_word' id='word_1_244' title='bbox 133 2451 176 2492; x_wconf 92' lang='lat' dir='ltr'>in</span> <span class='ocrx_word' id='word_1_245' title='bbox 198 2451 258 2492; x_wconf 84' lang='lat' dir='ltr'><em>M</em></span> <span class='ocrx_word' id='word_1_246' title='bbox 281 2450 405 2493; x_wconf 89' lang='lat' dir='ltr'>deest</span> <span class='ocrx_word' id='word_1_247' title='bbox 437 2452 555 2493; x_wconf 92' lang='lat' dir='ltr'>locus</span> <span class='ocrx_word' id='word_1_248' title='bbox 580 2451 639 2498; x_wconf 84' lang='grc' dir='ltr'>ΙΙ,</span> <span class='ocrx_word' id='word_1_249' title='bbox 666 2453 885 2493; x_wconf 82' lang='grc'><strong>183-548</strong></span> <span class='ocrx_word' id='word_1_250' title='bbox 919 2455 962 2492; x_wconf 90' lang='lat' dir='ltr'>et</span> <span class='ocrx_word' id='word_1_251' title='bbox 986 2451 1141 2506; x_wconf 86' lang='lat' dir='ltr'>singuli</span> <span class='ocrx_word' id='word_1_252' title='bbox 1166 2465 1318 2491; x_wconf 85' lang='lat' dir='ltr'>versus</span> <span class='ocrx_word' id='word_1_253' title='bbox 1342 2450 1399 2501; x_wconf 74' lang='lat' dir='ltr'>H,</span> <span class='ocrx_word' id='word_1_254' title='bbox 1419 2452 1484 2492; x_wconf 87' lang='grc'>34.</span> <span class='ocrx_word' id='word_1_255' title='bbox 1505 2452 1569 2491; x_wconf 90' lang='grc'>56.</span> <span class='ocrx_word' id='word_1_256' title='bbox 1597 2453 1839 2492; x_wconf 81' lang='lat'><strong>170—172:</strong></span> <span class='ocrx_word' id='word_1_257' title='bbox 1874 2451 1973 2495; x_wconf 69' lang='lat' dir='ltr'>VH.</span> <span class='ocrx_word' id='word_1_258' title='bbox 2002 2451 2067 2505; x_wconf 84' lang='lat'>13)</span> <span class='ocrx_word' id='word_1_259' title='bbox 2092 2451 2262 2497; x_wconf 71' lang='lat' dir='ltr'>utimur,</span> <span class='ocrx_word' id='word_1_260' title='bbox 2298 2456 2344 2491; x_wconf 88' lang='lat' dir='ltr'>ut</span> 
     </span>
     <span class='ocr_line' id='line_1_23' title="bbox 133 2519 2341 2576; baseline 0 -15"><span class='ocrx_word' id='word_1_261' title='bbox 133 2520 247 2562; x_wconf 90' lang='lat' dir='ltr'>inter</span> <span class='ocrx_word' id='word_1_262' title='bbox 299 2535 345 2562; x_wconf 85' lang='lat' dir='ltr'>se</span> <span class='ocrx_word' id='word_1_263' title='bbox 385 2535 708 2576; x_wconf 77' lang='lat' dir='ltr'>comparemus,</span> <span class='ocrx_word' id='word_1_264' title='bbox 759 2521 900 2562; x_wconf 86' lang='lat' dir='ltr'>obiter</span> <span class='ocrx_word' id='word_1_265' title='bbox 952 2520 1235 2576; x_wconf 87' lang='lat' dir='ltr'>perlustranti</span> <span class='ocrx_word' id='word_1_266' title='bbox 1275 2519 1596 2561; x_wconf 84' lang='lat' dir='ltr'>adnotationem</span> <span class='ocrx_word' id='word_1_267' title='bbox 1645 2526 1833 2561; x_wconf 76' lang='lat' dir='ltr'>nostran}</span> <span class='ocrx_word' id='word_1_268' title='bbox 1880 2520 2105 2576; x_wconf 83' lang='lat' dir='ltr'>apparebit</span> <span class='ocrx_word' id='word_1_269' title='bbox 2145 2521 2202 2561; x_wconf 47' lang='lat' dir='ltr'>ils</span> <span class='ocrx_word' id='word_1_270' title='bbox 2234 2521 2341 2562; x_wconf 88' lang='lat' dir='ltr'>inte-</span> 
     </span>
     <span class='ocr_line' id='line_1_24' title="bbox 134 2589 2342 2646; baseline 0 -16"><span class='ocrx_word' id='word_1_271' title='bbox 134 2590 320 2644; x_wconf 89' lang='lat' dir='ltr'>griorem</span> <span class='ocrx_word' id='word_1_272' title='bbox 363 2603 491 2645; x_wconf 85' lang='lat' dir='ltr'>quam</span> <span class='ocrx_word' id='word_1_273' title='bbox 530 2605 555 2631; x_wconf 82' lang='grc' dir='ltr'><strong>κ</strong></span> <span class='ocrx_word' id='word_1_274' title='bbox 595 2590 828 2632; x_wconf 88' lang='lat' dir='ltr'>lectionem</span> <span class='ocrx_word' id='word_1_275' title='bbox 874 2605 1088 2632; x_wconf 82' lang='lat' dir='ltr'>servasse.</span> <span class='ocrx_word' id='word_1_276' title='bbox 1152 2589 1265 2645; x_wconf 87' lang='lat' dir='ltr'>quod</span> <span class='ocrx_word' id='word_1_277' title='bbox 1307 2590 1507 2645; x_wconf 86' lang='lat' dir='ltr'>quoniam</span> <span class='ocrx_word' id='word_1_278' title='bbox 1550 2604 1680 2645; x_wconf 77' lang='lat' dir='ltr'>grave</span> <span class='ocrx_word' id='word_1_279' title='bbox 1721 2596 1787 2631; x_wconf 79' lang='lat' dir='ltr'>est</span> <span class='ocrx_word' id='word_1_280' title='bbox 1820 2596 1865 2631; x_wconf 89' lang='lat' dir='ltr'>ut</span> <span class='ocrx_word' id='word_1_281' title='bbox 1899 2591 2113 2646; x_wconf 80' lang='lat' dir='ltr'>exemplis</span> <span class='ocrx_word' id='word_1_282' title='bbox 2148 2605 2342 2645; x_wconf 77' lang='lat' dir='ltr'>compro-</span> 
     </span>
     <span class='ocr_line' id='line_1_25' title="bbox 134 2658 2342 2716; baseline 0 -16"><span class='ocrx_word' id='word_1_283' title='bbox 134 2658 308 2710; x_wconf 79' lang='lat' dir='ltr'>bemus,</span> <span class='ocrx_word' id='word_1_284' title='bbox 354 2659 450 2700; x_wconf 89' lang='lat' dir='ltr'>vide</span> <span class='ocrx_word' id='word_1_285' title='bbox 484 2659 588 2711; x_wconf 81' lang='lat' dir='ltr'>L25</span> <span class='ocrx_word' id='word_1_286' title='bbox 632 2661 707 2702; x_wconf 92' lang='lat' dir='ltr'>ubi</span> <span class='ocrx_word' id='word_1_287' title='bbox 739 2660 902 2702; x_wconf 70' lang='lat' dir='ltr'>Victore</span> <span class='ocrx_word' id='word_1_288' title='bbox 934 2660 975 2701; x_wconf 81' lang='lat' dir='ltr'><em>P</em></span> <span class='ocrx_word' id='word_1_289' title='bbox 1012 2660 1135 2701; x_wconf 85' lang='lat' dir='ltr'>cuius</span> <span class='ocrx_word' id='word_1_290' title='bbox 1175 2661 1401 2716; x_wconf 82' lang='lat' dir='ltr'>exemplar</span> <span class='ocrx_word' id='word_1_291' title='bbox 1433 2675 1488 2701; x_wconf 82' lang='lat' dir='ltr'>ex</span> <span class='ocrx_word' id='word_1_292' title='bbox 1520 2660 1579 2700; x_wconf 78' lang='lat' dir='ltr'><em>M</em></span> <span class='ocrx_word' id='word_1_293' title='bbox 1606 2665 1848 2702; x_wconf 85' lang='lat' dir='ltr'>correctum</span> <span class='ocrx_word' id='word_1_294' title='bbox 1883 2665 1948 2701; x_wconf 85' lang='lat' dir='ltr'>est</span> <span class='ocrx_word' id='word_1_295' title='bbox 1981 2660 2052 2713; x_wconf 77' lang='lat' dir='ltr'><strong>(cf.</strong></span> <span class='ocrx_word' id='word_1_296' title='bbox 2081 2660 2166 2705; x_wconf 66' lang='lat'><strong>[11.</strong></span> <span class='ocrx_word' id='word_1_297' title='bbox 2194 2662 2254 2699; x_wconf 89' lang='lat'><strong>13.</strong></span> <span class='ocrx_word' id='word_1_298' title='bbox 2280 2662 2342 2700; x_wconf 87' lang='grc'>15.</span> 
     </span>
     <span class='ocr_line' id='line_1_26' title="bbox 134 2727 2342 2785; baseline 0 -17"><span class='ocrx_word' id='word_1_299' title='bbox 134 2729 208 2775; x_wconf 89' lang='grc'><strong>27;</strong></span> <span class='ocrx_word' id='word_1_300' title='bbox 252 2727 309 2779; x_wconf 82' lang='lat' dir='ltr'>II,</span> <span class='ocrx_word' id='word_1_301' title='bbox 329 2730 368 2771; x_wconf 87' lang='lat'><strong>2.</strong></span> <span class='ocrx_word' id='word_1_302' title='bbox 391 2732 454 2770; x_wconf 83' lang='grc'>10.</span> <span class='ocrx_word' id='word_1_303' title='bbox 473 2731 539 2771; x_wconf 89' lang='grc'>37.</span> <span class='ocrx_word' id='word_1_304' title='bbox 561 2732 742 2772; x_wconf 84' lang='lat'><strong>51.105.</strong></span> <span class='ocrx_word' id='word_1_305' title='bbox 769 2732 841 2771; x_wconf 90' lang='grc'>161</span> <span class='ocrx_word' id='word_1_306' title='bbox 881 2729 984 2779; x_wconf 73' lang='lat' dir='ltr'>etc.)</span> <span class='ocrx_word' id='word_1_307' title='bbox 1029 2743 1082 2770; x_wconf 87' lang='lat' dir='ltr'>ex</span> <span class='ocrx_word' id='word_1_308' title='bbox 1126 2734 1375 2771; x_wconf 87' lang='lat' dir='ltr'>correctura</span> <span class='ocrx_word' id='word_1_309' title='bbox 1417 2729 1617 2785; x_wconf 80' lang='lat' dir='ltr'>praebet,</span> <span class='ocrx_word' id='word_1_310' title='bbox 1660 2729 1822 2770; x_wconf 74' lang='lat' dir='ltr'>doctore</span> <span class='ocrx_word' id='word_1_311' title='bbox 1855 2734 2031 2784; x_wconf 89' lang='lat' dir='ltr'>propter</span> <span class='ocrx_word' id='word_1_312' title='bbox 2073 2743 2226 2770; x_wconf 85' lang='lat' dir='ltr'>nomen</span> <span class='ocrx_word' id='word_1_313' title='bbox 2261 2742 2342 2768; x_wconf 89' lang='lat' dir='ltr'>non</span> 
     </span>
     <span class='ocr_line' id='line_1_27' title="bbox 133 2797 2343 2855; baseline -0 -17"><span class='ocrx_word' id='word_1_314' title='bbox 133 2797 405 2839; x_wconf 86' lang='lat' dir='ltr'>intellectum</span> <span class='ocrx_word' id='word_1_315' title='bbox 453 2798 763 2855; x_wconf 85' lang='lat' dir='ltr'>interpolatum</span> <span class='ocrx_word' id='word_1_316' title='bbox 807 2804 873 2840; x_wconf 89' lang='lat' dir='ltr'>est</span> <span class='ocrx_word' id='word_1_317' title='bbox 917 2800 958 2840; x_wconf 92' lang='lat' dir='ltr'>in</span> <span class='ocrx_word' id='word_1_318' title='bbox 1003 2799 1179 2854; x_wconf 88' lang='lat' dir='ltr'>reliquis</span> <span class='ocrx_word' id='word_1_319' title='bbox 1225 2799 1378 2854; x_wconf 85' lang='lat' dir='ltr'>(etiam</span> <span class='ocrx_word' id='word_1_320' title='bbox 1420 2798 1523 2853; x_wconf 66' lang='lat' dir='ltr'>Ps‘),</span> <span class='ocrx_word' id='word_1_321' title='bbox 1568 2803 1735 2839; x_wconf 88' lang='lat' dir='ltr'>tantum</span> <span class='ocrx_word' id='word_1_322' title='bbox 1781 2798 1834 2838; x_wconf 73' lang='lat' dir='ltr'><em>M</em></span> <span class='ocrx_word' id='word_1_323' title='bbox 1876 2798 2103 2853; x_wconf 83' lang='lat' dir='ltr'>pristinum</span> <span class='ocrx_word' id='word_1_324' title='bbox 2155 2798 2343 2839; x_wconf 79' lang='lat' dir='ltr'>servavit</span> 
     </span>
     <span class='ocr_line' id='line_1_28' title="bbox 133 2866 2342 2921; baseline 0.002 -14"><span class='ocrx_word' id='word_1_325' title='bbox 133 2866 305 2908; x_wconf 76' lang='lat' dir='ltr'>victure.</span> <span class='ocrx_word' id='word_1_326' title='bbox 367 2867 427 2908; x_wconf 89' lang='lat' dir='ltr'>IV</span> <span class='ocrx_word' id='word_1_327' title='bbox 458 2868 520 2909; x_wconf 90' lang='lat' dir='ltr'>tit.</span> <span class='ocrx_word' id='word_1_328' title='bbox 554 2868 702 2909; x_wconf 74' lang='lat' dir='ltr'>domno</span> <span class='ocrx_word' id='word_1_329' title='bbox 737 2869 981 2920; x_wconf 73' lang='lat' dir='ltr'>imperatori</span> <span class='ocrx_word' id='word_1_330' title='bbox 1012 2870 1080 2910; x_wconf 90' lang='lat' dir='ltr'>vel</span> <span class='ocrx_word' id='word_1_331' title='bbox 1113 2869 1194 2910; x_wconf 81' lang='lat' dir='ltr'>dno</span> <span class='ocrx_word' id='word_1_332' title='bbox 1229 2869 1471 2921; x_wconf 64' lang='lat' dir='ltr'>imperatori</span> <span class='ocrx_word' id='word_1_333' title='bbox 1507 2868 1543 2910; x_wconf 83' lang='lat' dir='ltr'><em>C</em></span> <span class='ocrx_word' id='word_1_334' title='bbox 1571 2873 1615 2910; x_wconf 91' lang='lat' dir='ltr'>et</span> <span class='ocrx_word' id='word_1_335' title='bbox 1649 2867 1690 2909; x_wconf 83' lang='lat' dir='ltr'><strong><em>P</em></strong></span> <span class='ocrx_word' id='word_1_336' title='bbox 1718 2868 1891 2910; x_wconf 81' lang='lat' dir='ltr'>liabent.</span> <span class='ocrx_word' id='word_1_337' title='bbox 1926 2867 2128 2908; x_wconf 89' lang='lat' dir='ltr'>omittunt</span> <span class='ocrx_word' id='word_1_338' title='bbox 2163 2867 2201 2908; x_wconf 84' lang='lat' dir='ltr'><em>T</em></span> <span class='ocrx_word' id='word_1_339' title='bbox 2225 2872 2267 2908; x_wconf 92' lang='lat' dir='ltr'>et</span> <span class='ocrx_word' id='word_1_340' title='bbox 2291 2867 2342 2915; x_wconf 67' lang='lat' dir='ltr'>F,</span> 
     </span>
     <span class='ocr_line' id='line_1_29' title="bbox 136 2929 2342 2993; baseline -0 -16"><span class='ocrx_word' id='word_1_341' title='bbox 136 2936 214 2977; x_wconf 89' lang='lat' dir='ltr'>sed</span> <span class='ocrx_word' id='word_1_342' title='bbox 246 2950 357 2977; x_wconf 91' lang='lat' dir='ltr'>unus</span> <span class='ocrx_word' id='word_1_343' title='bbox 389 2936 449 2977; x_wconf 81' lang='lat' dir='ltr'><em>M</em></span> <span class='ocrx_word' id='word_1_344' title='bbox 473 2938 613 2979; x_wconf 90' lang='lat' dir='ltr'>tenuit</span> <span class='ocrx_word' id='word_1_345' title='bbox 645 2929 741 2979; x_wconf 50' lang='lat' dir='ltr'>DJ*</span> <span class='ocrx_word' id='word_1_346' title='bbox 765 2939 789 2979; x_wconf 93' lang='lat' dir='ltr'>i.</span> <span class='ocrx_word' id='word_1_347' title='bbox 816 2952 853 2980; x_wconf 88' lang='lat' dir='ltr'>c.</span> <span class='ocrx_word' id='word_1_348' title='bbox 885 2937 941 2980; x_wconf 87' lang='lat' dir='ltr'><strong>D.</strong></span> <span class='ocrx_word' id='word_1_349' title='bbox 966 2939 1020 2980; x_wconf 83' lang='lat' dir='ltr'><strong>N.</strong></span> <span class='ocrx_word' id='word_1_350' title='bbox 1047 2938 1303 2991; x_wconf 68' lang='lat' dir='ltr'>imperatori.</span> <span class='ocrx_word' id='word_1_351' title='bbox 1366 2938 1420 2985; x_wconf 75' lang='lat' dir='ltr'>V,</span> <span class='ocrx_word' id='word_1_352' title='bbox 1444 2940 1514 2978; x_wconf 91' lang='grc'>101</span> <span class='ocrx_word' id='word_1_353' title='bbox 1554 2938 1625 2979; x_wconf 89' lang='lat' dir='ltr'>ubi</span> <span class='ocrx_word' id='word_1_354' title='bbox 1659 2952 1735 2993; x_wconf 90' lang='lat' dir='ltr'>pro</span> <span class='ocrx_word' id='word_1_355' title='bbox 1759 2940 1982 2989; x_wconf 65' lang='lat' dir='ltr'>praeterea</span> <span class='ocrx_word' id='word_1_356' title='bbox 2015 2952 2098 2978; x_wconf 90' lang='lat' dir='ltr'>non</span> <span class='ocrx_word' id='word_1_357' title='bbox 2123 2937 2342 2978; x_wconf 83' lang='lat' dir='ltr'>intellecto</span> 
     </span>
     <span class='ocr_line' id='line_1_30' title="bbox 134 3005 2342 3062; baseline 0 -17"><span class='ocrx_word' id='word_1_358' title='bbox 134 3005 290 3060; x_wconf 90' lang='lat' dir='ltr'>reliqui</span> <span class='ocrx_word' id='word_1_359' title='bbox 328 3005 645 3062; x_wconf 88' lang='lat' dir='ltr'>interpolarunt</span> <span class='ocrx_word' id='word_1_360' title='bbox 682 3011 913 3061; x_wconf 67' lang='lat' dir='ltr'>practura,</span> <span class='ocrx_word' id='word_1_361' title='bbox 956 3009 1218 3050; x_wconf 82' lang='lat' dir='ltr'>recentiores</span> <span class='ocrx_word' id='word_1_362' title='bbox 1259 3021 1432 3049; x_wconf 86' lang='lat' dir='ltr'>versum</span> <span class='ocrx_word' id='word_1_363' title='bbox 1478 3007 1607 3061; x_wconf 88' lang='lat' dir='ltr'>plane</span> <span class='ocrx_word' id='word_1_364' title='bbox 1649 3006 1702 3047; x_wconf 87' lang='lat' dir='ltr'>ad</span> <span class='ocrx_word' id='word_1_365' title='bbox 1740 3006 1965 3047; x_wconf 85' lang='lat' dir='ltr'>arbitrium</span> <span class='ocrx_word' id='word_1_366' title='bbox 2008 3007 2342 3047; x_wconf 84' lang='lat' dir='ltr'>conformarunt.</span> 
     </span>
     <span class='ocr_line' id='line_1_31' title="bbox 134 3073 2343 3130; baseline 0 -16"><span class='ocrx_word' id='word_1_367' title='bbox 134 3073 238 3124; x_wconf 83' lang='lat' dir='ltr'>VII,</span> <span class='ocrx_word' id='word_1_368' title='bbox 259 3076 310 3114; x_wconf 86' lang='grc'><strong>74</strong></span> <span class='ocrx_word' id='word_1_369' title='bbox 346 3089 407 3130; x_wconf 90' lang='lat' dir='ltr'>sq.</span> <span class='ocrx_word' id='word_1_370' title='bbox 446 3075 653 3117; x_wconf 72' lang='lat' dir='ltr'>Indorum</span> <span class='ocrx_word' id='word_1_371' title='bbox 701 3076 888 3130; x_wconf 67' lang='lat' dir='ltr'>Gauyes,</span> <span class='ocrx_word' id='word_1_372' title='bbox 945 3076 1188 3119; x_wconf 75' lang='lat' dir='ltr'>Colchorum</span> <span class='ocrx_word' id='word_1_373' title='bbox 1227 3077 1409 3126; x_wconf 71' lang='lat' dir='ltr'>Phasis,</span> <span class='ocrx_word' id='word_1_374' title='bbox 1461 3076 1629 3117; x_wconf 55' lang='lat' dir='ltr'>Artanes</span> <span class='ocrx_word' id='word_1_375' title='bbox 1669 3075 1915 3124; x_wconf 66' lang='lat' dir='ltr'>Armeniae,</span> <span class='ocrx_word' id='word_1_376' title='bbox 1969 3076 2054 3117; x_wconf 76' lang='lat' dir='ltr'>(r&#39;cr</span> <span class='ocrx_word' id='word_1_377' title='bbox 2092 3075 2343 3126; x_wconf 68' lang='lat' dir='ltr'>Aethiopum</span> 
     </span>
     <span class='ocr_line' id='line_1_32' title="bbox 141 3143 2343 3201; baseline 0 -18"><span class='ocrx_word' id='word_1_378' title='bbox 141 3143 384 3196; x_wconf 68' lang='lat' dir='ltr'>,Tanaisque</span> <span class='ocrx_word' id='word_1_379' title='bbox 408 3143 614 3186; x_wconf 77' lang='lat' dir='ltr'>Getarum</span> <span class='ocrx_word' id='word_1_380' title='bbox 638 3145 891 3187; x_wconf 86' lang='lat' dir='ltr'>Sirmondus</span> <span class='ocrx_word' id='word_1_381' title='bbox 916 3151 958 3188; x_wconf 89' lang='lat' dir='ltr'>et</span> <span class='ocrx_word' id='word_1_382' title='bbox 980 3146 1176 3188; x_wconf 84' lang='lat' dir='ltr'>Mohrius</span> <span class='ocrx_word' id='word_1_383' title='bbox 1201 3147 1504 3188; x_wconf 85' lang='lat' dir='ltr'>restituerunt:</span> <span class='ocrx_word' id='word_1_384' title='bbox 1539 3160 1615 3201; x_wconf 90' lang='lat' dir='ltr'>pro</span> <span class='ocrx_word' id='word_1_385' title='bbox 1646 3145 1860 3186; x_wconf 73' lang='lat' dir='ltr'>‹ornzcm‘oc</span> <span class='ocrx_word' id='word_1_386' title='bbox 1887 3158 1959 3196; x_wconf 71' lang='lat' dir='ltr'>(scr</span> <span class='ocrx_word' id='word_1_387' title='bbox 1981 3159 2091 3185; x_wconf 83' lang='lat' dir='ltr'>unus</span> <span class='ocrx_word' id='word_1_388' title='bbox 2114 3144 2173 3184; x_wconf 50' lang='lat' dir='ltr'>ill</span> <span class='ocrx_word' id='word_1_389' title='bbox 2188 3144 2343 3184; x_wconf 90' lang='lat' dir='ltr'>leniter</span> 
     </span>
     <span class='ocr_line' id='line_1_33' title="bbox 137 3212 2344 3272; baseline 0.001 -20"><span class='ocrx_word' id='word_1_390' title='bbox 137 3217 385 3268; x_wconf 87' lang='lat' dir='ltr'>corruptum</span> <span class='ocrx_word' id='word_1_391' title='bbox 418 3218 702 3268; x_wconf 68' lang='lat' dir='ltr'>armentaeyer</span> <span class='ocrx_word' id='word_1_392' title='bbox 733 3216 879 3268; x_wconf 78' lang='lat' dir='ltr'>habet,</span> <span class='ocrx_word' id='word_1_393' title='bbox 913 3217 1068 3272; x_wconf 91' lang='lat' dir='ltr'>reliqui</span> <span class='ocrx_word' id='word_1_394' title='bbox 1100 3218 1247 3272; x_wconf 88' lang='lat' dir='ltr'>inepte</span> <span class='ocrx_word' id='word_1_395' title='bbox 1281 3217 1590 3272; x_wconf 87' lang='lat' dir='ltr'>interpolatum</span> <span class='ocrx_word' id='word_1_396' title='bbox 1623 3216 1836 3256; x_wconf 69' lang='grc' dir='ltr'>(ινηιεηὶαε</span> <span class='ocrx_word' id='word_1_397' title='bbox 1867 3218 2001 3267; x_wconf 66' lang='lat' dir='ltr'>laqus.</span> <span class='ocrx_word' id='word_1_398' title='bbox 2064 3228 2099 3254; x_wconf 82' lang='grc' dir='ltr'>ν.</span> <span class='ocrx_word' id='word_1_399' title='bbox 2125 3216 2177 3255; x_wconf 80' lang='grc'>99</span> <span class='ocrx_word' id='word_1_400' title='bbox 2209 3212 2344 3265; x_wconf 71' lang='lat' dir='ltr'>Sapor</span> 
     </span>
     <span class='ocr_line' id='line_1_34' title="bbox 136 3281 2340 3339; baseline 0 -18"><span class='ocrx_word' id='word_1_401' title='bbox 136 3295 292 3323; x_wconf 89' lang='lat' dir='ltr'>nomen</span> <span class='ocrx_word' id='word_1_402' title='bbox 315 3281 375 3322; x_wconf 83' lang='lat' dir='ltr'><em>M</em></span> <span class='ocrx_word' id='word_1_403' title='bbox 400 3288 559 3336; x_wconf 85' lang='lat' dir='ltr'>servat,</span> <span class='ocrx_word' id='word_1_404' title='bbox 592 3285 746 3339; x_wconf 91' lang='lat' dir='ltr'>reliqui</span> <span class='ocrx_word' id='word_1_405' title='bbox 769 3299 906 3337; x_wconf 75' lang='lat' dir='ltr'>pavor</span> <span class='ocrx_word' id='word_1_406' title='bbox 938 3286 1273 3328; x_wconf 86' lang='lat' dir='ltr'>substituerunt.</span> <span class='ocrx_word' id='word_1_407' title='bbox 1335 3300 1373 3326; x_wconf 87' lang='lat' dir='ltr'><strong>v.</strong></span> <span class='ocrx_word' id='word_1_408' title='bbox 1398 3287 1480 3326; x_wconf 87' lang='grc'>336</span> <span class='ocrx_word' id='word_1_409' title='bbox 1512 3285 1686 3325; x_wconf 69' lang='lat' dir='ltr'>nutante·</span> <span class='ocrx_word' id='word_1_410' title='bbox 1716 3298 1802 3325; x_wconf 90' lang='lat' dir='ltr'>non</span> <span class='ocrx_word' id='word_1_411' title='bbox 1834 3283 2001 3338; x_wconf 74' lang='lat' dir='ltr'>vulgari</span> <span class='ocrx_word' id='word_1_412' title='bbox 2025 3283 2194 3324; x_wconf 86' lang='lat' dir='ltr'>notione</span> <span class='ocrx_word' id='word_1_413' title='bbox 2217 3296 2340 3323; x_wconf 88' lang='lat' dir='ltr'>usur-</span> 
     </span>
     <span class='ocr_line' id='line_1_35' title="bbox 136 3352 2341 3411; baseline 0 -20"><span class='ocrx_word' id='word_1_414' title='bbox 136 3353 285 3405; x_wconf 87' lang='lat' dir='ltr'>patum</span> <span class='ocrx_word' id='word_1_415' title='bbox 317 3355 399 3392; x_wconf 84' lang='lat' dir='ltr'>est:</span> <span class='ocrx_word' id='word_1_416' title='bbox 434 3352 605 3394; x_wconf 86' lang='lat' dir='ltr'>codices</span> <span class='ocrx_word' id='word_1_417' title='bbox 637 3357 810 3408; x_wconf 82' lang='lat' dir='ltr'>praeter</span> <span class='ocrx_word' id='word_1_418' title='bbox 831 3354 892 3395; x_wconf 85' lang='lat' dir='ltr'><em>M</em></span> <span class='ocrx_word' id='word_1_419' title='bbox 914 3355 957 3395; x_wconf 93' lang='lat' dir='ltr'>in</span> <span class='ocrx_word' id='word_1_420' title='bbox 989 3355 1248 3411; x_wconf 87' lang='lat' dir='ltr'>interpolato</span> <span class='ocrx_word' id='word_1_421' title='bbox 1279 3355 1500 3396; x_wconf 71' lang='lat' dir='ltr'>cunctanti</span> <span class='ocrx_word' id='word_1_422' title='bbox 1532 3356 1822 3395; x_wconf 87' lang='lat' dir='ltr'>consentiunt.</span> <span class='ocrx_word' id='word_1_423' title='bbox 1887 3353 2085 3394; x_wconf 84' lang='lat' dir='ltr'>conferas</span> <span class='ocrx_word' id='word_1_424' title='bbox 2116 3356 2341 3407; x_wconf 85' lang='lat' dir='ltr'>praeterea</span> 
     </span>
     <span class='ocr_line' id='line_1_36' title="bbox 135 3420 2339 3479; baseline 0 -18"><span class='ocrx_word' id='word_1_425' title='bbox 135 3420 194 3472; x_wconf 86' lang='lat' dir='ltr'>II,</span> <span class='ocrx_word' id='word_1_426' title='bbox 225 3420 316 3462; x_wconf 77' lang='lat'><strong>1&#39;15.</strong></span> <span class='ocrx_word' id='word_1_427' title='bbox 346 3421 488 3476; x_wconf 85' lang='lat'><strong>(178);</strong></span> <span class='ocrx_word' id='word_1_428' title='bbox 526 3423 581 3475; x_wconf 82' lang='lat' dir='ltr'>V,</span> <span class='ocrx_word' id='word_1_429' title='bbox 600 3424 667 3465; x_wconf 82' lang='lat'><strong>65.</strong></span> <span class='ocrx_word' id='word_1_430' title='bbox 694 3425 760 3465; x_wconf 85' lang='lat'><strong>94.</strong></span> <span class='ocrx_word' id='word_1_431' title='bbox 786 3426 875 3466; x_wconf 82' lang='lat'><strong>152.</strong></span> <span class='ocrx_word' id='word_1_432' title='bbox 906 3427 998 3466; x_wconf 87' lang='lat'><strong>167.</strong></span> <span class='ocrx_word' id='word_1_433' title='bbox 1034 3426 1123 3466; x_wconf 85' lang='lat'><strong>169.</strong></span> <span class='ocrx_word' id='word_1_434' title='bbox 1157 3427 1244 3467; x_wconf 89' lang='grc'><strong>180.</strong></span> <span class='ocrx_word' id='word_1_435' title='bbox 1275 3425 1389 3479; x_wconf 82' lang='grc'><strong>(194.</strong></span> <span class='ocrx_word' id='word_1_436' title='bbox 1409 3425 1523 3479; x_wconf 85' lang='grc'><strong>204).</strong></span> <span class='ocrx_word' id='word_1_437' title='bbox 1544 3426 1639 3465; x_wconf 87' lang='grc'><strong>210.</strong></span> <span class='ocrx_word' id='word_1_438' title='bbox 1660 3424 1755 3465; x_wconf 87' lang='grc'><strong>212.</strong></span> <span class='ocrx_word' id='word_1_439' title='bbox 1775 3424 1868 3462; x_wconf 85' lang='grc'><strong>255.</strong></span> <span class='ocrx_word' id='word_1_440' title='bbox 1892 3422 1984 3463; x_wconf 87' lang='grc'><strong>288.</strong></span> <span class='ocrx_word' id='word_1_441' title='bbox 2008 3422 2100 3462; x_wconf 79' lang='lat'><strong>378.</strong></span> <span class='ocrx_word' id='word_1_442' title='bbox 2123 3423 2216 3462; x_wconf 79' lang='grc'><strong>447.</strong></span> <span class='ocrx_word' id='word_1_443' title='bbox 2237 3422 2339 3461; x_wconf 82' lang='grc'><strong>510;</strong></span> 
     </span>
     <span class='ocr_line' id='line_1_37' title="bbox 136 3488 2338 3546; baseline -0 -16"><span class='ocrx_word' id='word_1_444' title='bbox 136 3488 319 3541; x_wconf 84' lang='lat' dir='ltr'><strong>VII,21.</strong></span> <span class='ocrx_word' id='word_1_445' title='bbox 340 3492 431 3531; x_wconf 83' lang='lat'><strong>126.</strong></span> <span class='ocrx_word' id='word_1_446' title='bbox 456 3493 549 3533; x_wconf 86' lang='lat'><strong>128.</strong></span> <span class='ocrx_word' id='word_1_447' title='bbox 569 3493 664 3533; x_wconf 87' lang='grc'><strong>214.</strong></span> <span class='ocrx_word' id='word_1_448' title='bbox 683 3494 779 3535; x_wconf 90' lang='grc'><strong>230.</strong></span> <span class='ocrx_word' id='word_1_449' title='bbox 799 3495 895 3535; x_wconf 86' lang='grc'><strong>441.</strong></span> <span class='ocrx_word' id='word_1_450' title='bbox 914 3495 1009 3536; x_wconf 86' lang='grc'><strong>446.</strong></span> <span class='ocrx_word' id='word_1_451' title='bbox 1030 3496 1132 3541; x_wconf 87' lang='grc'><strong>572;</strong></span> <span class='ocrx_word' id='word_1_452' title='bbox 1166 3494 1290 3546; x_wconf 68' lang='lat' dir='ltr'>VIII,</span> <span class='ocrx_word' id='word_1_453' title='bbox 1314 3496 1376 3535; x_wconf 89' lang='lat'><strong>16.</strong></span> <span class='ocrx_word' id='word_1_454' title='bbox 1440 3508 1525 3535; x_wconf 92' lang='lat' dir='ltr'>non</span> <span class='ocrx_word' id='word_1_455' title='bbox 1559 3498 1723 3535; x_wconf 89' lang='lat' dir='ltr'>certum</span> <span class='ocrx_word' id='word_1_456' title='bbox 1757 3495 1823 3532; x_wconf 90' lang='lat' dir='ltr'>est</span> <span class='ocrx_word' id='word_1_457' title='bbox 1854 3490 2059 3531; x_wconf 89' lang='lat' dir='ltr'>iudicium</span> <span class='ocrx_word' id='word_1_458' title='bbox 2093 3490 2145 3530; x_wconf 89' lang='lat' dir='ltr'>de</span> <span class='ocrx_word' id='word_1_459' title='bbox 2172 3489 2223 3540; x_wconf 73' lang='lat' dir='ltr'><strong>V.</strong></span> <span class='ocrx_word' id='word_1_460' title='bbox 2244 3491 2338 3529; x_wconf 81' lang='lat'><strong>396.</strong></span> 
     </span>
     <span class='ocr_line' id='line_1_38' title="bbox 139 3557 2338 3616; baseline 0.001 -20"><span class='ocrx_word' id='word_1_461' title='bbox 139 3557 476 3607; x_wconf 79' lang='lat'><strong>508.537.546;</strong></span> <span class='ocrx_word' id='word_1_462' title='bbox 508 3559 610 3612; x_wconf 82' lang='lat' dir='ltr'>VII,</span> <span class='ocrx_word' id='word_1_463' title='bbox 628 3561 712 3601; x_wconf 83' lang='lat'>589</span> <span class='ocrx_word' id='word_1_464' title='bbox 753 3564 796 3601; x_wconf 88' lang='lat' dir='ltr'>et</span> <span class='ocrx_word' id='word_1_465' title='bbox 834 3561 1049 3602; x_wconf 89' lang='lat' dir='ltr'>similibus</span> <span class='ocrx_word' id='word_1_466' title='bbox 1093 3562 1220 3612; x_wconf 74' lang='lat' dir='ltr'>locis,</span> <span class='ocrx_word' id='word_1_467' title='bbox 1259 3575 1359 3602; x_wconf 87' lang='lat' dir='ltr'>nam</span> <span class='ocrx_word' id='word_1_468' title='bbox 1401 3575 1455 3602; x_wconf 88' lang='lat' dir='ltr'>ne</span> <span class='ocrx_word' id='word_1_469' title='bbox 1486 3561 1547 3601; x_wconf 81' lang='lat' dir='ltr'><em>M</em></span> <span class='ocrx_word' id='word_1_470' title='bbox 1580 3561 1753 3615; x_wconf 85' lang='lat' dir='ltr'>quidem</span> <span class='ocrx_word' id='word_1_471' title='bbox 1795 3560 1970 3616; x_wconf 85' lang='lat' dir='ltr'>propria</span> <span class='ocrx_word' id='word_1_472' title='bbox 2007 3558 2338 3613; x_wconf 86' lang='lat' dir='ltr'>interpolatione</span> 
     </span>
     <span class='ocr_line' id='line_1_39' title="bbox 138 3625 2335 3685; baseline 0.001 -21"><span class='ocrx_word' id='word_1_473' title='bbox 138 3625 373 3667; x_wconf 89' lang='lat' dir='ltr'>immunem</span> <span class='ocrx_word' id='word_1_474' title='bbox 405 3640 502 3669; x_wconf 87' lang='lat' dir='ltr'>esse</span> <span class='ocrx_word' id='word_1_475' title='bbox 533 3628 618 3669; x_wconf 90' lang='lat' dir='ltr'>loci</span> <span class='ocrx_word' id='word_1_476' title='bbox 639 3628 797 3670; x_wconf 89' lang='lat' dir='ltr'>docent</span> <span class='ocrx_word' id='word_1_477' title='bbox 819 3630 969 3684; x_wconf 81' lang='lat' dir='ltr'>quales</span> <span class='ocrx_word' id='word_1_478' title='bbox 993 3630 1046 3681; x_wconf 85' lang='lat' dir='ltr'>V,</span> <span class='ocrx_word' id='word_1_479' title='bbox 1072 3633 1134 3672; x_wconf 88' lang='lat'><strong>15.</strong></span> <span class='ocrx_word' id='word_1_480' title='bbox 1154 3632 1256 3678; x_wconf 82' lang='lat'>369;</span> <span class='ocrx_word' id='word_1_481' title='bbox 1288 3629 1461 3682; x_wconf 77' lang='lat' dir='ltr'>V11‚6o</span> <span class='ocrx_word' id='word_1_482' title='bbox 1486 3630 1672 3683; x_wconf 71' lang='lat' dir='ltr'>(veniens</span> <span class='ocrx_word' id='word_1_483' title='bbox 1692 3644 1768 3685; x_wconf 91' lang='lat' dir='ltr'>pro</span> <span class='ocrx_word' id='word_1_484' title='bbox 1796 3628 1954 3677; x_wconf 69' lang='lat' dir='ltr'>Veiem,</span> <span class='ocrx_word' id='word_1_485' title='bbox 1987 3627 2141 3682; x_wconf 91' lang='lat' dir='ltr'>reliqui</span> <span class='ocrx_word' id='word_1_486' title='bbox 2166 3627 2335 3679; x_wconf 70' lang='lat' dir='ltr'>veycns).</span> 
     </span>
     <span class='ocr_line' id='line_1_40' title="bbox 138 3694 2341 3751; baseline 0.001 -19"><span class='ocrx_word' id='word_1_487' title='bbox 138 3694 234 3734; x_wconf 87' lang='grc'><strong>213.</strong></span> <span class='ocrx_word' id='word_1_488' title='bbox 254 3694 348 3736; x_wconf 86' lang='grc'><strong>294.</strong></span> <span class='ocrx_word' id='word_1_489' title='bbox 369 3696 464 3747; x_wconf 85' lang='lat'><strong>386,</strong></span> <span class='ocrx_word' id='word_1_490' title='bbox 499 3697 550 3737; x_wconf 91' lang='lat' dir='ltr'>cf.</span> <span class='ocrx_word' id='word_1_491' title='bbox 574 3697 629 3748; x_wconf 85' lang='lat' dir='ltr'>V,</span> <span class='ocrx_word' id='word_1_492' title='bbox 649 3698 751 3746; x_wconf 73' lang='lat'>5183</span> <span class='ocrx_word' id='word_1_493' title='bbox 783 3697 885 3749; x_wconf 85' lang='lat' dir='ltr'>VII,</span> <span class='ocrx_word' id='word_1_494' title='bbox 913 3700 1118 3740; x_wconf 86' lang='grc'><strong>127.185.</strong></span> <span class='ocrx_word' id='word_1_495' title='bbox 1181 3704 1375 3740; x_wconf 89' lang='lat' dir='ltr'>ceterum</span> <span class='ocrx_word' id='word_1_496' title='bbox 1409 3699 1597 3740; x_wconf 86' lang='lat' dir='ltr'>carmina</span> <span class='ocrx_word' id='word_1_497' title='bbox 1630 3712 1715 3738; x_wconf 89' lang='lat' dir='ltr'>non</span> <span class='ocrx_word' id='word_1_498' title='bbox 1747 3702 1795 3738; x_wconf 86' lang='lat' dir='ltr'>ut</span> <span class='ocrx_word' id='word_1_499' title='bbox 1826 3697 2039 3751; x_wconf 85' lang='lat' dir='ltr'>epistulae</span> <span class='ocrx_word' id='word_1_500' title='bbox 2073 3695 2174 3736; x_wconf 89' lang='lat' dir='ltr'>data</span> <span class='ocrx_word' id='word_1_501' title='bbox 2207 3708 2341 3750; x_wconf 86' lang='lat' dir='ltr'>opera</span> 
     </span>
    </p>
   </div>
   <div class='ocr_carea' id='block_1_7' title="bbox 276 3783 2070 3819">
    <p class='ocr_par' dir='ltr' id='par_1_7' title="bbox 276 3783 2070 3819">
     <span class='ocr_line' id='line_1_41' title="bbox 276 3783 2070 3819; baseline 0.007 -1"><span class='ocrx_word' id='word_1_502' title='bbox 276 3783 444 3819; x_wconf 80' lang='lat' dir='ltr'>Smomus.</span> <span class='ocrx_word' id='word_1_503' title='bbox 2052 3785 2070 3818; x_wconf 81' lang='lat' dir='ltr'><strong>f</strong></span> 
     </span>
    </p>
   </div>
  </div>
 </body>
</html>
