2583 4011
73 948 83 971 1
89 950 105 969 υ

71 1292 102 1316 15

68 1835 102 1861 20

66 2211 98 2237 2⁵

69 2559 102 2584 30

71 2906 102 2932 35

930 200 1069 234 LIBER
1103 201 1126 236 1.
1161 201 1209 234 ΙΙΙ
1237 202 1255 241 ξ
1281 203 1302 233 ἴ)
1361 222 1366 224 -
1399 201 1444 235 Vl
1472 204 1490 243 ξ
1519 204 1546 236 4,
2258 208 2339 245 3⁰3

144 329 341 371 quaeque
382 315 578 362 vocibus,
623 317 701 356 etsi
744 331 848 356 sono
892 315 1067 356 dissono
1109 321 1183 356 aut
1223 330 1295 356 or(-
1335 316 1526 359 diversm
1573 319 1661 372 pari
1707 325 1847 358 tamen
1889 321 2046 360 affectu
2089 322 2207 375 quasi
2256 334 2339 360 uno

144 389 359 425 concentu
393 385 434 425 in
466 384 636 425 laudem
671 386 826 441 proprii
859 385 1046 426 auctoris
1079 392 1311 440 erumpunt
1344 391 1387 426 et
1420 387 1680 441 potentiam.
1715 402 1839 442 quam
1875 403 2070 442 promere
2106 395 2338 445 nequeunt,

145 454 304 495 sentire
337 468 382 494 se
418 453 616 508 produnt.
681 454 760 494 hoe
795 468 980 509 namque
1014 458 1206 508 tempore
1241 455 1382 495 vum-ti
1421 455 1537 495 orbis
1579 456 1746 510 species
1788 457 1977 498 rediviva
2018 467 2254 512 reparatur,
2298 463 2339 498 et

142 522 345 577 quicquid
376 523 419 563 in
451 537 502 564 eo
534 523 617 563 situ
650 523 911 577 squalidum,
951 522 1112 576 frigore
1146 522 1384 571 turbidum,
1425 524 1567 576 glacie
1601 530 1871 570 concretum,
1905 526 2098 566 nuditati·
2130 527 2338 571 deforme,

142 591 344 632 ariditate
377 595 699 647 praemortuum
735 592 943 632 hacteuus
977 592 1070 636 fuit,
1103 591 1155 632 ad
1181 591 1316 632 instar
1343 593 1672 633 resurrectionis
1695 594 1893 645 emergit.
1929 601 1971 634 ut
1996 595 2129 635 disc-at
2157 596 2342 635 humana

143 661 351 715 fragilitas
374 660 426 701 dc
451 660 692 701 visibilibus
717 661 951 701 invisibilia
976 666 1017 701 et
1040 660 1093 701 de
1116 662 1419 716 praesentibus
1443 663 1588 702 futura
1611 677 1872 717 cognoscere
1904 670 1947 704 et
1981 678 2100 719 spem
2136 670 2339 704 venturae

145 731 334 772 melioris
367 730 539 773 aetatis.
573 729 774 786 deposita
807 730 1125 785 desperatione,
1159 731 1378 786 percipiat.
1432 746 1542 772 nunc
1577 732 1706 772 etiam
1739 732 1869 772 tellus
1904 733 2039 773 sterili
2074 734 2213 787 rigore
2238 748 2339 773 con-

143 799 335 845 clausas,
373 799 496 854 quasi
530 799 641 840 virili
675 799 839 840 semine
882 800 941 840 ita
977 814 1104 840 verno
1145 804 1339 855 tempore
1383 806 1610 856 concepto,
1653 801 1833 841 occultis
1875 802 2073 842 maritata
2113 802 2336 842 meatibus,

142 882 276 909 venas
309 868 428 909 laxat
458 867 511 909 ad
545 872 730 924 partum.
790 875 833 909 et
865 869 963 910 hinc
997 869 1110 923 quod
1144 869 1311 910 deliciis
1344 884 1491 920 suave,
1524 869 1635 924 quod
1669 870 1760 910 esui
1794 870 1934 914 dulc-e.
1967 870 2079 924 quod
2104 872 2197 911 usui
2223 872 2342 914 utilc.

143 936 258 992 quod
301 937 431 978 victui
474 938 793 980 necessarium.
837 938 949 993 quod
992 939 1101 979 visui
1144 939 1397 981 iucundum.
1442 938 1552 993 quod
1597 939 1772 979 olfactui
1817 947 2008 993 gratum.
2052 939 2163 994 quod
2209 941 2342 980 tactui

142 1006 367 1054 blandum,
415 1020 541 1047 omne
582 1006 790 1062 producit.
862 1007 1073 1062 siquidem
1115 1007 1222 1049 hacc
1269 1013 1334 1049 est
1376 1008 1449 1049 illa
1491 1008 1746 1063 temperies,
1790 1022 1897 1063 quac
1940 1008 2086 1049 muudi
2129 1010 2343 1049 nascentis
2388 1037 2395 1047 .

141 1075 379 1126 materiam,
413 1075 537 1131 quasi
569 1075 709 1117 adhuc
744 1076 785 1117 in
818 1075 1090 1117 incunabulis
1124 1080 1334 1126 teneram,
1366 1077 1531 1130 gremio
1565 1076 1749 1132 quodam
1784 1077 2148 1118 clementissimae
2175 1078 2339 1118 altricis

141 1144 368 1200 complexa
408 1145 605 1189 nutrivit,
650 1159 703 1185 nc
747 1145 1036 1186 substantiam
1069 1145 1189 1185 nullo
1223 1145 1372 1186 labore
1406 1145 1601 1186 duratam
1635 1151 1709 1187 aut
1741 1146 1934 1186 aestivus
1968 1145 2109 1187 fervor
2142 1151 2344 1187 exureret

141 1217 215 1254 aut
245 1213 446 1255 hiemalis
479 1214 601 1269 algor
633 1213 937 1269 exstingueret
968 1218 1041 1254 aut
1067 1218 1291 1255 ventorum
1324 1214 1461 1256 flabra
1493 1220 1728 1271 portarent.
1783 1215 1915 1256 habet
1944 1215 2086 1270 itaque
2111 1221 2342 1271 susceptus

139 1287 239 1324 tuus
294 1283 754 1325 convenientissimum
803 1290 994 1339 tempus,
1050 1297 1153 1338 quo,
1201 1284 1335 1325 animi
1384 1284 1584 1325 socordia
1630 1284 1804 1326 tandem
1853 1284 2084 1339 aliquando
2129 1284 2341 1340 deposita,

139 1351 446 1394 hebetudinem
478 1352 618 1393 cordis
652 1357 838 1394 exacuat
870 1357 930 1400 ct,
973 1353 1008 1393 si
1041 1353 1152 1394 inter
1184 1353 1382 1395 homines
1415 1353 1663 1395 declamare
1704 1368 1789 1395 non
1832 1358 1999 1410 potest,
2043 1354 2184 1394 saltim
2231 1354 2343 1396 inter

140 1421 332 1478 pecudes
365 1422 554 1464 clamare
585 1426 659 1463 aut
690 1423 802 1464 inter
832 1422 1030 1464 volucres
1062 1423 1226 1478 garrire
1260 1422 1450 1464 festinet.

1204 1653 1281 1696 VI.

467 1757 703 1800 DOMINO
747 1757 981 1800 SANCTO
1022 1758 1098 1799 ET
1138 1758 1402 1801 PIISSIMO
1443 1758 1625 1800 PATRI
1666 1758 2012 1800 NEPOTIANO

875 1826 1273 1870 PRESBYTERO
1311 1826 1613 1869 RURICIUS.

277 1906 471 1968 Comess
503 1939 610 1981 quos
644 1926 853 1967 sanctitas
885 1930 1032 1968 vestra
1063 1926 1305 1967 transmisit
1336 1926 1511 1982 accepi,
1544 1926 1794 1982 eloquentia
1827 1927 1987 1975 claros,
2030 1927 2212 1968 scientia
2243 1941 2341 1982 pcr-

136 1995 288 2045 sectos,
321 1995 521 2036 doctrina
552 1995 723 2051 probos,
756 1994 858 2037 fidei
890 1995 1078 2051 puritate
1111 1995 1379 2052 perspicuos,
1414 1996 1486 2051 qui
1518 2010 1739 2037 sacrorum
1772 1996 2119 2038 testimoniorum
2143 1996 2343 2038 ubertate

135 2066 394 2121 locupletes,
427 2065 686 2106 auctoritate
717 2069 1003 2120 praestantes,
1044 2065 1141 2107 luce
1174 2065 1394 2120 fulgentes
1425 2065 1554 2106 facile
1587 2070 1629 2106 et
1661 2065 1854 2107 fidelium
1888 2071 2057 2108 mentes
2087 2066 2344 2107 inluminent

142 2139 184 2176 et
216 2134 456 2176 infidelium
489 2148 657 2177 errores
699 2134 907 2189 detegant
944 2139 1075 2190 atque
1118 2134 1386 2176 convincant.
1449 2148 1631 2190 quorum
1671 2149 1752 2190 ego
1789 2140 1918 2190 gustu
1957 2135 2187 2176 admodum
2226 2136 2345 2177 tenui

136 2203 348 2260 pellectus
382 2203 525 2260 potius
558 2218 687 2259 quam
718 2204 929 2247 refectus.
972 2203 1025 2244 ad
1066 2204 1312 2245 satietatem
1357 2208 1535 2260 propter
1566 2203 1878 2245 sollicitudines
1912 2205 2076 2245 saeculi
2111 2205 2340 2260 pervenire

138 2287 225 2314 non
257 2273 393 2330 potui.
456 2273 567 2315 sicut
598 2273 713 2316 enim
747 2272 997 2314 stomachus
1029 2287 1126 2314 cum
1167 2272 1354 2314 febrium
1398 2272 1551 2314 ardore
1597 2272 1866 2328 decoquitur,
1908 2273 2057 2315 dulces
2095 2273 2178 2314 sibi
2216 2277 2345 2315 antea

139 2342 258 2384 cibos
291 2357 373 2384 nec
415 2343 582 2384 oblatos
624 2342 776 2398 recipit
812 2356 894 2384 nec
933 2342 1114 2398 requirit
1153 2341 1344 2395 ablatos,
1387 2342 1447 2383 ita
1487 2350 1530 2383 et
1569 2342 1738 2383 animus
1778 2342 2006 2384 mundanis
2046 2343 2342 2385 anxietatibus

140 2411 342 2467 curisque
384 2411 608 2454 confectus
655 2411 872 2467 spiritales
909 2410 1044 2466 dapes
1082 2425 1162 2453 nec
1205 2410 1426 2453 desiderat
1464 2411 1670 2452 absentes
1711 2425 1791 2453 nec
1831 2412 1968 2468 carpit
2005 2413 2227 2468 appositas
2266 2426 2346 2453 nec

143 2481 275 2523 sentit
304 2481 483 2523 infusas.
547 2495 658 2537 quae
692 2494 790 2522 cum
820 2480 882 2521 ita
915 2494 961 2522 se
994 2480 1037 2521 in
1069 2494 1137 2522 me
1169 2480 1382 2528 habeant,
1424 2494 1501 2522 vos
1541 2485 1688 2523 tamen
1729 2485 1772 2522 et
1810 2481 1869 2537 pii
1901 2482 2095 2538 parentis
2126 2481 2343 2538 probastis

141 2550 348 2592 affectum
381 2554 425 2592 et
457 2551 631 2592 solliciti
662 2549 861 2605 magistri
893 2549 1179 2591 ministerium
1221 2553 1265 2591 et
1304 2549 1443 2591 seduli
1484 2550 1642 2592 medici
1682 2549 1895 2606 implestis
1938 2550 2144 2603 officium,
2186 2555 2233 2592 ut
2270 2551 2344 2592 tali

138 2619 282 2661 taedio
324 2620 540 2661 laboranti
577 2619 896 2661 medicamenta
942 2633 1136 2674 congrua
1175 2620 1418 2661 mitteretis.
1487 2620 1643 2675 quibus
1686 2621 1764 2662 etsi
1802 2625 1981 2676 propter
2022 2621 2345 2676 neglegentiam

139 2702 281 2731 meam
315 2703 395 2745 ego
428 2704 514 2731 non
545 2691 671 2731 valeo
705 2689 915 2745 consequi
957 2689 1236 2745 sospitatem,
1278 2702 1355 2729 vos
1395 2693 1542 2731 tamen
1579 2689 1829 2746 percipietis
1862 2704 1886 2731 a
1918 2690 2030 2731 iusto
2063 2695 2345 2746 repensatore

138 2758 407 2811 mercedem,
448 2760 520 2815 qui
559 2760 690 2800 etiam
726 2773 804 2815 pro
847 2759 1030 2814 ingratis
1071 2763 1217 2815 grates
1258 2758 1495 2800 benevolas
1536 2759 1699 2801 referre
1744 2760 1985 2803 consuevit.
2046 2759 2199 2801 horum
2242 2773 2345 2814 ergo

139 2828 433 2884 praefatorum
465 2828 662 2870 codicum
694 2843 846 2879 unum,
880 2830 991 2870 sicut
1020 2829 1229 2879 iussistis,
1263 2829 1442 2880 retinui,
1487 2829 1617 2870 alium
1649 2829 1818 2878 remisi,
1858 2843 1985 2884 quem
2019 2829 2157 2870 sancti
2190 2828 2344 2869 Hilarii

140 2897 348 2940 Pictavae
379 2897 500 2939 urbis
533 2898 740 2940 antistitis
774 2912 869 2940 esse
902 2898 1124 2941 noveritis.
1176 2898 1290 2954 quod
1313 2898 1413 2954 quia.
1437 2899 1776 2954 praeceperatis,
1808 2898 2000 2940 indicare
2025 2899 2184 2941 curavi.
2233 2897 2348 2939 hunc

140 2981 243 3009 vero
276 2971 511 3019 retentum,
545 2968 578 3009 si
610 2968 881 3024 permittitis,
912 2967 1150 3010 transferre
1183 2967 1398 3024 disposui,
1432 2971 1480 3009 ut
1512 2967 1626 3024 quod
1658 2969 1890 3010 memoriae
1923 2967 2227 3010 commendare
2261 2981 2344 3008 non

140 3051 387 3093 possumus,
421 3037 566 3079 saltim
596 3038 668 3079 vel
698 3038 870 3093 paginis
902 3037 1108 3080 mandare
1142 3051 1357 3080 curemus.

277 3220 299 3254 ‘2
329 3223 443 3266 propri
469 3221 503 3256 G
665 3223 687 3257 3
718 3224 876 3257 rediuiua
903 3222 936 3257 G
1098 3223 1120 3256 4
1152 3224 1328 3266 turpidum
1356 3221 1389 3256 G
1552 3222 1572 3256 6
1607 3223 1840 3267 prestantibus
1868 3220 1902 3256 G
2065 3221 2084 3254 7
2115 3222 2285 3265 desposita
2312 3219 2345 3254 G

141 3280 248 3323 ligore
276 3277 310 3312 G
474 3280 518 3314 10
541 3282 660 3315 olfatm‘
683 3279 717 3314 G
881 3281 922 3314 11
949 3280 1059 3324 omne]
1085 3294 1104 3315 0
1128 3282 1162 3314 ’ἱπ
1187 3293 1259 3314 ras.
1280 3279 1335 3314 G²
1502 3280 1543 3314 13
1568 3279 1738 3324 exureret]
1764 3287 1927 3313 exuretur
1952 3285 1985 3313 et
2004 3277 2037 3312 G
2202 3278 2244 3311 15
2268 3290 2345 3311 con-

142 3338 380 3371 uentissimum
401 3336 436 3372 G
529 3338 691 3383 deposita]
722 3339 891 3379 Canisius,
921 3340 1077 3383 depstata
1096 3337 1162 3380 G¹,
1191 3339 1357 3372 detestata
1380 3340 1413 3371 2¹71
1440 3351 1504 3382 my.
1531 3339 1613 3371 add.
1634 3336 1690 3371 G²
1830 3337 1873 3371 16
1898 3335 2151 3378 hebetudinem]
2180 3336 2347 3376 Canisiue,

142 3395 380 3429 habitudinem
400 3394 434 3429 G
575 3395 617 3429 19
641 3397 829 3440 nepociano
850 3394 883 3429 G
1032 3395 1077 3428 21
1102 3397 1322 3439 elonquentia
1341 3394 1375 3428 G
1514 3396 1558 3429 2⁴2
1586 3398 1757 3440 perfectus
1781 3415 1823 3418 —
1850 3397 1976 3440 probus
2002 3413 2044 3417 -
2071 3395 2269 3437 perspicuus
2289 3391 2344 3425 G¹

142 3450 187 3485 27
213 3453 348 3487 oblatus
372 3455 499 3497 recepit
522 3465 585 3487 nee
608 3455 759 3497 requiret
785 3452 819 3487 G
970 3453 1014 3486 29
1038 3454 1103 3486 ista
1130 3451 1163 3486 G
1269 3454 1396 3487 habent
1423 3452 1457 3487 G
1561 3460 1719 3498 parentes
1745 3452 1779 3487 G
1928 3452 1970 3485 31
1998 3451 2073 3495 etsi]
2099 3451 2230 3494 scripsi,
2254 3456 2286 3483 et
2314 3448 2347 3483 G

144 3508 189 3543 33
220 3511 396 3544 beniuoles
423 3509 457 3544 G
572 3513 772 3546 consueuit*
799 3510 833 3545 G
998 3510 1043 3544 34
1074 3512 1173 3544 hilari
1200 3509 1233 3544 G
1395 3510 1441 3545 35
1471 3513 1646 3545 antestites
1671 3510 1705 3545 G
1866 3511 1910 3544 3⁴3
1943 3509 1985 3554 si]
2019 3510 2186 3553 supplevi,
2218 3520 2281 3541 om.
2302 3506 2346 3549 G,

142 3573 181 3601 ut
203 3569 333 3602 mavult
355 3568 545 3602 Mommsen

2417 316 2457 358 (ι’

2386 461 2408 496 3

2388 1220 2412 1255 (i
