2583 4011
1012 209 1154 245 LIBER
1175 209 1254 244 VH.
1284 214 1305 241 8
1323 212 1342 253 ξ
1363 213 1377 245 1
1407 233 1450 237 -
1476 215 1497 245 Η
1516 214 1535 254 ξ
1555 214 1584 247 7.
2323 224 2398 260 1¹3

192 326 498 382 perorantibus
539 341 633 367 mos
667 332 747 369 ost.
787 331 861 367 aut
894 325 1088 382 pondera
1121 325 1328 366 historica
1362 333 1436 367 aut
1469 329 1638 383 poetica
1672 330 1890 371 schemata
1927 333 2191 374 seintillasve
2227 341 2398 377 contro-

198 396 430 436 versalium
467 396 761 437 clausularum
796 396 922 436 libuit
953 395 1107 450 aptari.
1161 409 1259 435 nam
1295 409 1389 435 eum
1422 409 1491 435 me
1524 398 1708 451 partium
1742 399 1975 440 seditiones
2002 403 2139 443 studia
2166 406 2397 445 varietates

194 464 235 505 in
278 464 451 505 diversa
494 469 736 520 raptarent.
788 464 849 504 sic
892 463 1083 504 dictandi
1128 464 1231 504 mihi
1276 464 1502 505 materiam
1545 467 1809 518 suggerebat
1853 469 2023 510 iniuria.
2072 473 2182 524 quod
2227 480 2399 529 tempus

192 535 418 591 occupatio
460 535 762 578 subtrahebat.
826 535 987 575 etenim
1033 539 1154 575 tanta
1202 538 1295 575 erat
1340 534 1468 574 turba
1513 536 1861 590 competitorum.
1911 544 1954 577 ut
1996 540 2226 581 ratlwdrae
2273 544 2398 583 unius

138 614 152 637 ῑ»
191 604 570 645 numerosissimos
605 602 860 644 candidatos
894 618 972 644 nec
1006 603 1089 644 duo
1124 604 1321 658 recipere
1356 618 1534 644 scamna
1568 605 1818 658 potuissent.
1873 620 2023 646 omues
2050 609 2279 662 placebant
2305 612 2398 652 sihi.

122 959 154 982 10

118 1688 151 1711 20

116 2384 150 2407 30

193 687 344 714 omnes
377 672 579 713 omnibus
612 672 917 728 displicebant.
971 686 1113 727 neque
1150 672 1300 729 {enim}
1337 673 1622 714 valuissemus
1652 674 1815 728 aliquid
1840 675 1880 714 in
1906 689 2133 716 commune
2158 681 2397 721 vonsulvw.
2446 686 2466 700 ‘'

192 742 273 783 nisi
313 742 458 783 iudicii
502 742 566 783 sui
611 742 775 783 faciens
807 742 933 797 plebs
968 743 1101 783 lenita
1136 743 1345 783 iacturam
1379 742 1638 783 sacerdotali
1675 757 1721 783 se
1756 744 1899 798 potius
1933 744 2088 785 iu‹li‹·i‹›
2123 746 2399 790 subdidisset.

190 811 547 867 presbyterorum
582 825 686 853 sane
725 812 874 866 paucis
909 811 1148 866 angulatim
1192 811 1585 866 fringultientibus,
1629 826 1754 867 porro
1799 817 1942 853 autem
1978 814 2120 868 palam
2154 830 2206 855 ne
2246 819 2398 857 mussi-

192 880 388 922 tantibus
421 880 612 936 quidem,
646 882 747 936 quia
779 881 976 936 plerique
1012 895 1096 921 non
1129 881 1273 921 minus
1303 894 1427 922 suum
1452 895 1579 936 quam
1608 882 1798 935 reliquos
1822 881 1995 922 ordines
2020 884 2401 937 pertimescebant.

190 949 344 1004 Igitur,
377 949 478 991 dum
503 950 676 1006 publice
701 954 816 991 totos
841 950 999 1005 singuli
1035 955 1206 1000 cavent,
1241 950 1401 991 factum
1428 955 1508 1001 est,
1543 955 1589 990 ut
1612 965 1760 991 omnes
1786 965 1869 991 non
1894 957 2180 1005 aspernanter
2203 953 2399 994 audirent

192 1019 306 1074 quod
345 1018 554 1074 deinceps
596 1019 838 1061 ambienter
871 1023 1144 1075 expeterent.
1209 1019 1356 1074 itaque
1390 1020 1592 1074 paginam
1629 1034 1751 1059 sume
1785 1019 1968 1060 subditis
2003 1022 2290 1062 voluminibus
2325 1023 2398 1062 ad-

191 1088 403 1133 iunctam.
447 1102 574 1143 quam
615 1088 785 1130 duabus
820 1089 976 1144 vigiliis
1019 1089 1145 1129 unius
1179 1089 1318 1128 noctis
1352 1089 1545 1129 aestivae
1580 1088 1753 1129 Christo
1787 1093 1899 1129 teste
1933 1089 2138 1131 dictatam
2174 1092 2401 1146 plurimum

191 1171 345 1199 vereor
384 1172 438 1198 ne
481 1158 562 1212 ipsi
605 1158 790 1214 amplius
831 1158 1029 1204 lectioni,
1069 1171 1180 1212 quae
1215 1158 1295 1198 hoc
1329 1157 1382 1198 de
1415 1172 1460 1199 se
1494 1158 1669 1212 prohat.
1715 1172 1840 1212 quam
1877 1159 1977 1200 mihi
2014 1160 2179 1201 credas.
2242 1175 2404 1201 memor

192 1227 327 1268 nostri
361 1241 460 1268 0330
494 1226 689 1281 dignare.
722 1227 896 1268 domine
930 1242 1057 1283 papa.

1182 1313 1421 1355 CONTIO.

331 1381 520 1442 Rssrssn'r
561 1400 741 1441 historia
785 1401 1041 1449 saecularis„
1084 1399 1380 1446 dilectissimi„
1424 1400 1638 1455 quendam
1673 1401 2026 1457 philosophorum
2071 1402 2294 1458 discipulis
2327 1403 2401 1444 ad-
2449 1407 2464 1441 5

188 1470 465 1511 venientibus
513 1470 631 1526 prius
679 1469 855 1511 tacendi
903 1469 1162 1526 patientiam
1211 1484 1338 1525 quam
1388 1470 1594 1525 loquendi
1645 1475 1913 1513 monstrasse
1962 1472 2202 1512 doc-trinam
2254 1477 2295 1511 et
2343 1474 2401 1513 siv

190 1539 448 1596 incipientes
493 1552 688 1594 quosque.
731 1539 843 1580 inter
886 1539 1199 1595 disputantium
1242 1545 1631 1582 consectaneorum
1675 1539 1907 1581 cathedras
1948 1545 2111 1581 mutum
2148 1542 2402 1581 sustinuisse

186 1608 550 1665 quinquennium,
592 1614 639 1649 ut
678 1609 807 1649 etiam
842 1609 1058 1650 celeriora
1089 1610 1391 1665 quorumpiam
1425 1609 1601 1664 ingenia
1635 1623 1717 1649 non
1751 1609 1907 1649 liceret
1940 1615 2040 1650 ante
2074 1610 2240 1650 laudari
2275 1624 2400 1664 quam

188 1678 367 1720 deceret
405 1678 601 1733 agnosci.
664 1678 724 1718 ita
762 1677 919 1726 fiebat.
962 1683 1010 1719 ut
1044 1678 1221 1719 eosdem
1262 1683 1363 1734 post
1404 1679 1575 1734 longam
1621 1679 1964 1720 taciturnitatem
2004 1680 2171 1720 locutos
2218 1680 2400 1734 quisque

187 1748 338 1790 audire
372 1752 598 1803 coeperat.
632 1761 715 1788 non
749 1751 938 1791 taceret:
972 1748 1091 1803 quia,
1126 1747 1263 1789 donec
1299 1749 1526 1790 seientiam
1559 1754 1714 1790 natura
1746 1748 2011 1799 conbiberit,
2046 1762 2130 1789 non
2165 1749 2300 1788 maior
2333 1756 2398 1789 est

187 1818 325 1873 gloria
355 1817 522 1858 dixisse
556 1816 669 1872 quod
703 1817 876 1859 noveris
910 1831 1039 1873 quam
1073 1817 1245 1858 siluisse
1278 1817 1390 1872 quod
1423 1819 1610 1859 nescias.
1663 1822 1707 1858 at
1738 1832 1851 1859 nunc
1885 1817 2228 1859 mediocritatem
2259 1832 2398 1859 meam

186 1892 335 1929 manet
375 1887 505 1942 longe
548 1886 723 1928 diversa
768 1886 985 1939 condicio,
1030 1887 1098 1929 cui
1130 1901 1207 1942 per
1241 1888 1502 1943 suspiriosas
1536 1884 1768 1942 voragines
1802 1891 1845 1928 et
1877 1887 2137 1941 flagitiorum
2174 1887 2397 1928 volutabra

187 1957 402 2013 gradienti
450 1956 737 2012 professionis
786 1957 965 1999 huiusce
1012 1957 1184 2013 pondus
1231 1958 1467 2014 impactum
1511 1962 1600 2001 cst:
1649 1961 1693 1999 et
1735 1958 1854 2013 prius
1899 1972 2025 2013 quam
2072 1959 2146 1999 ulli
2189 1959 2399 1999 bonorum

142 2046 147 2058 ·
185 2025 365 2067 reddam
409 2024 617 2066 discentis
663 2025 942 2081 obsequium.
998 2040 1129 2081 cogor
1167 2026 1330 2068 debere
1376 2027 1531 2068 ceteris
1572 2026 1769 2068 docentis
1811 2027 2015 2068 officium.
2077 2027 2263 2068 adicitur
2305 2027 2400 2068 hui(-

185 2094 516 2152 inpossibilitati
548 2093 715 2150 pondus
748 2095 947 2150 pudoris,
992 2095 1106 2151 quod
1139 2095 1243 2136 mihi
1277 2096 1561 2151 peculiariter
1594 2097 1784 2152 paginae
1817 2097 2048 2138 decretalis
2080 2097 2226 2137 oblatu
2259 2097 2400 2152 ponti·

185 2165 279 2206 ficis
313 2163 506 2219 eligendi
538 2163 779 2205 mandastis
814 2164 1044 2205 arbitrium
1078 2178 1222 2206 coram
1256 2169 1538 2206 sacrosancto
1571 2169 1614 2206 et
1647 2165 1899 2221 pontificatu
1932 2167 2120 2207 maximo
2149 2165 2401 2221 dignissimo

185 2248 320 2291 papa:
364 2233 436 2288 qui
477 2247 574 2274 cum
614 2232 669 2274 sit
709 2240 814 2274 suae
856 2234 1104 2289 provinciae
1144 2238 1293 2290 caput,
1339 2235 1395 2275 sit
1434 2235 1564 2276 etiam
1604 2235 1709 2276 mihi
1753 2250 1835 2276 usu
1868 2236 2161 2277 institutione.
2200 2235 2398 2277 facundia

184 2303 438 2360 privilegio,
486 2307 685 2358 tempore
736 2306 883 2344 aetate
930 2303 1237 2358 praestantior,
1287 2317 1368 2358 ego
1418 2303 1559 2359 deque
1608 2318 1841 2361 coramque
1892 2305 2226 2360 metropolitano
2273 2304 2399 2345 verba

186 2373 395 2422 facturus,
431 2375 474 2413 et
506 2371 786 2427 provincialis
820 2376 864 2413 et
898 2372 1052 2422 iunior,
1087 2373 1250 2428 pariter
1272 2372 1364 2414 fero
1389 2373 1577 2429 imperiti
1604 2374 1925 2427 verecundiam,
1961 2375 2160 2430 procacis
2182 2373 2403 2416 invidiam.

187 2442 265 2484 sed
303 2442 505 2498 quoniam
540 2446 687 2483 vestro
729 2441 791 2483 sic
831 2442 1003 2483 libitum
1048 2443 1199 2491 errori,
1242 2446 1289 2483 ut
1330 2443 1423 2498 ipse
1458 2443 1692 2499 prudentia
1726 2458 1877 2485 carens
1909 2443 2170 2500 prudentem
2206 2442 2325 2483 vobis
2360 2443 2399 2482 in

191 2513 403 2567 cuiusque
456 2525 687 2567 personam
735 2511 851 2553 bona
898 2513 1035 2554 multa
1082 2516 1342 2554 concurrant
1392 2513 1471 2554 sub
1521 2528 1602 2568 ope
1651 2512 1813 2554 Christi
1862 2515 2114 2568 episcopum
2163 2512 2402 2567 exquiram.

189 2582 395 2624 noveritis
435 2580 680 2622 huiusmodi
713 2595 898 2623 assensu
931 2582 1116 2622 multum
1149 2596 1218 2623 me
1254 2581 1450 2634 honoris,
1494 2583 1592 2638 plus
1627 2583 1772 2624 oneris
1806 2582 2024 2638 excipere.
2085 2582 2274 2637 primore
2308 2581 2403 2620 loeo

327 2789 345 2822 1
371 2791 565 2824 schaemata
581 2789 622 2832 L,
654 2796 805 2824 scemata
829 2790 1001 2824 MTCFP
1140 2790 1161 2823 3
1187 2791 1290 2824 michi
1316 2792 1516 2824 matheriam
1545 2792 1574 2824 C
1709 2790 1731 2823 ἴ)
1756 2803 1913 2834 scampna
1941 2791 1979 2823 F
2114 2790 2135 2821 ⁴5
2160 2790 2249 2822 enim
2274 2790 2404 2824 seclusi,

188 2884 214 2906 8.
241 2872 263 2905 l.
289 2872 372 2905 add.
391 2872 434 2904 M
443 2872 451 2891 ¹
614 2870 634 2904 7
658 2872 778 2906 iuditio
806 2872 870 2905 OF
1023 2872 1045 2904 8
1070 2872 1335 2915 presbiterorum
1362 2872 1470 2904 Mc'F
1578 2874 1879 2916 tringulcientilms
1903 2872 1976 2904 AlIC
2084 2877 2142 2903 aut
2167 2870 2204 2902 F
2306 2870 2406 2901 musi-

188 2953 340 2986 tantibus
366 2951 403 2984 F
550 2951 570 2983 9
595 2963 681 2995 quas
706 2952 738 2984 L
838 2924 1069 2996 ptichebant
1094 2954 1150 2986 Γ2
1307 2954 1347 2986 11
1381 2955 1541 2988 ‹leincebs
1569 2955 1597 2987 C
1691 2961 1890 2998 expeterent
1916 2953 2064 2995 LMFP,
2101 2957 2310 2996 exponerent
2341 2951 2384 2982 Τ(
2394 2952 2405 2990 ¹,

188 3044 261 3065 var.
288 3033 372 3074 lect„
396 3043 498 3075 quam
523 3044 549 3065 s.
576 3033 599 3066 l.
625 3033 709 3066 add.
735 3033 779 3065 M
786 3033 809 3074 ²,
839 3044 927 3067 eft-as.
956 3035 1018 3066 M2
1124 3036 1172 3068 ita
1198 3034 1278 3077 (om.
1304 3035 1385 3077 que)
1412 3035 1450 3067 F
1551 3036 1724 3089 subdititis
1750 3036 1806 3068 F¹
1961 3034 2004 3067 13
2030 3035 2092 3078 ipsi
2119 3032 2301 3073 LMTFP,
2326 3032 2352 3063 si
2382 3031 2410 3061 (.'

190 3112 293 3144 michi
320 3112 349 3144 G
458 3122 585 3145 memor
609 3113 715 3145 nostri
740 3123 814 3145 0330
839 3113 980 3156 dignare
1005 3115 1141 3148 domine
1165 3126 1253 3158 papa
1277 3127 1341 3148 om..
1367 3115 1398 3147 L
1568 3115 1610 3149 14
1636 3128 1709 3150 esse
1734 3117 1874 3159 dignare
1898 3117 2033 3149 domine
2068 3125 2153 3157 papa
2181 3123 2242 3145 om.
2272 3110 2408 3143 MCFI'

190 3192 339 3236 digneris
371 3191 402 3223 T
561 3191 604 3226 15
626 3198 704 3235 post
727 3205 813 3237 papa
840 3195 901 3237 les).
927 3195 1047 3238 incipit
1071 3196 1183 3228 contio
1207 3196 1244 3228 in
1271 3195 1454 3237 LMTFP,
1489 3197 1630 3240 explicit
1663 3197 1782 3240 incipit
1806 3197 1923 3229 concio
1950 3196 1985 3227 in
2015 3195 2043 3227 (l
2204 3190 2246 3224 16
2270 3191 2406 3223 dilictis·

191 3274 267 3306 simi
291 3272 323 3305 L
417 3273 661 3317 filosophorum
684 3274 715 3306 L
866 3274 908 3308 17
934 3276 1138 3319 pacientiam
1167 3276 1195 3307 (2¹
1341 3275 1383 3309 18
1409 3288 1589 3328 quousque
1616 3276 1653 3308 F
1662 3276 1670 3295 ¹
1768 3277 2003 3319 disputantium
2034 3274 2066 3305 T
2154 3272 2330 3305 cathedras
2357 3269 2407 3311 (as

189 3354 226 3386 in
248 3365 320 3386 ras.
338 3351 416 3396 M2)
435 3353 480 3385 M
600 3352 646 3387 20
670 3365 727 3388 eos
743 3355 772 3387 Ο
845 3355 949 3399 longa
967 3356 999 3388 L
1076 3357 1235 3399 loquutos
1254 3356 1295 3397 L,
1320 3357 1455 3400 loqutos
1479 3357 1510 3389 T
1630 3355 1673 3389 21
1699 3357 1833 3389 audiret
1857 3355 1937 3396 (om.
1962 3354 2132 3397 coeperat)
2161 3351 2192 3383 T
2265 3348 2404 3392 taceret]

189 3438 300 3466 tacere
325 3433 473 3476 placeret
487 3433 678 3467 [Mommsen
771 3436 972 3470 combiberit
989 3436 1161 3469 MTCFP
1253 3437 1361 3479 gloria
1385 3442 1437 3470 est
1460 3437 1492 3468 Τ
1626 3436 1671 3470 22
1696 3438 1822 3470 dixisse
1846 3448 1870 3469 ε.
1898 3437 1918 3468 ἰ.
1947 3435 2030 3467 adel.
2047 3433 2091 3465 (Ϋι
2235 3430 2279 3463 23
2303 3431 2404 3472 longe

194 3525 220 3547 s.
247 3513 269 3546 Z.
296 3513 379 3546 add.
400 3513 448 3546 0¹
544 3514 693 3547 conditio
717 3515 842 3547 TOFP
933 3492 1105 3561 flagitiorii
1121 3517 1159 3550 Γ
1168 3517 1176 3536 ¹
1319 3515 1364 3549 26
1389 3518 1653 3561 impossibilitati
1679 3517 1754 3558 (tati
1781 3516 1863 3548 add.
1885 3515 1946 3556 Cl)
1966 3514 2009 3546 M
2014 3514 2045 3546 T
2045 3513 2136 3546 CFI'
2228 3510 2405 3544 decretalis

194 3593 246 3637 (cr
270 3594 307 3626 in
331 3606 402 3627 ras.
429 3594 505 3636 M1)
530 3594 575 3627 M
710 3594 754 3628 27
780 3598 859 3629 cori-1
885 3596 919 3639 (ᾗ
944 3598 980 3630 in
1004 3609 1076 3630 ras.
1102 3597 1145 3628 M
1151 3597 1176 3638 1>
1202 3596 1245 3628 M
1385 3595 1430 3629 28
1454 3597 1643 3640 provintiae
1668 3596 1747 3628 MF
1837 3607 1902 3628 usu
1928 3606 1992 3627 om.
2019 3593 2061 3625 Jl
2068 3593 2098 3624 T
2098 3592 2199 3631 CFP,
2224 3591 2283 3623 sed
2308 3591 2341 3621 in
2366 3600 2406 3621 cn·

193 3674 407 3708 institutione
432 3675 467 3707 in
492 3686 565 3708 ras.
590 3678 610 3708 6
636 3676 696 3708 litt.
714 3676 753 3708 M
762 3677 774 3696 ²
915 3676 960 3709 29
986 3676 1006 3709 3
1028 3678 1208 3721 privilegio
1233 3677 1264 3710 T
1353 3682 1444 3725 (gt-ate
1472 3676 1542 3725 (eta
1566 3678 1599 3710 ιή
1626 3688 1696 3710 ras.
1717 3675 1793 3717 2112)
1812 3674 1863 3715 ῘΙῙ,
1888 3672 1908 3704 3
1930 3679 2039 3706 aetate
2066 3672 2096 3703 Τ
2183 3671 2262 3712 (10(ιὲ
2288 3673 2408 3712 corz-tq,-

186 3760 330 3799 praeter
354 3756 395 3789 de
419 3755 454 3788 in
474 3767 546 3789 ras.
565 3755 606 3788 M
615 3756 625 3776 ¹
767 3755 812 3789 30
836 3758 1050 3801 provintialis
1067 3758 1104 3792 F
1239 3756 1283 3790 33
1308 3758 1544 3792 huiuscemodi
1563 3757 1593 3791 0
1680 3753 1805 3798 oneris]
1831 3754 1966 3788 honeris
1984 3751 2118 3785 LTFP
2202 3750 2355 3794 accipere
2380 3749 2411 3782 Τ

335 3833 507 3870 Smomus.
2090 3829 2132 3864 15
