2583 4011
115 1224 147 1248 10

114 2274 146 2300 25

961 191 1102 224 mul-:lt
1129 191 1225 235 VIII,
1257 193 1292 226 11
1314 195 1335 233 ᾗ
1354 196 1374 225 υ
1401 213 1441 217 -
1475 195 1513 227 12
1531 197 1551 236 ς’
1571 196 1601 228 4.
2310 204 2383 242 143

182 306 226 344 et
264 304 377 345 effici
419 304 618 358 dignum,
665 305 706 345 in
749 309 908 346 statum
950 306 1072 346 cuius
1114 307 1456 360 respondeantur
1499 309 1700 353 adversa,
1751 312 1849 352 dum
1895 316 2168 368 requiruntur
2209 317 2383 357 inlu-ita.

182 376 334 413 secuta
371 373 545 427 quidem
589 377 656 414 cst
696 374 802 414 ultio
849 374 1111 421 extinctum,
1156 374 1232 415 sed
1276 377 1412 429 magis
1456 384 1636 432 prosunt
1680 380 1759 419 ista
1795 382 1982 424 vivan-is.
2051 399 2145 424 nam
2185 386 2384 439 quotiens

182 440 397 482 homicida
430 443 618 497 punitur,
652 457 736 483 non
771 447 837 484 est
871 443 1106 484 remedium
1141 444 1216 485 sed
1250 445 1457 485 solacium
1493 447 1713 489 vindicari.
1779 450 2046 499 longiuscule
2083 468 2148 492 me
2184 454 2382 507 progredi
2409 456 2450 494 ΙΙ

182 523 304 550 amor
344 511 534 566 impulit,
577 511 698 552 cuius
738 526 946 566 angorem
989 513 1160 553 silentio
1203 513 1412 555 exhalare
1457 528 1540 555 non
1575 516 1704 558 valui.
1766 522 1809 557 tu
1844 518 2037 560 interim.
2081 521 2113 560 si
2158 522 2255 575 quid
2291 522 2384 562 istie

182 578 358 633 cognitu
397 578 595 634 dignum,
638 580 748 621 citus
786 579 951 630 indica,
994 581 1137 622 saltim
1178 582 1231 623 ob
1272 581 1349 622 hoc
1383 583 1602 635 scribens,
1646 588 1691 624 ut
1723 586 1912 626 animum
1947 601 2087 628 memo
2123 590 2384 629 tristitudine

182 661 360 701 gravem
393 648 522 689 lcctio
555 649 684 689 levet.
748 663 933 704 namque
968 650 1148 690 confuso
1183 651 1347 706 pectori
1380 666 1564 693 maeror.
1605 658 1647 694 et
1680 654 1852 709 quidem
1888 655 1992 697 iure.
2037 657 2243 711 plurimus
2279 666 2384 698 erat.

183 731 278 758 cum
321 718 490 773 paginis
528 718 611 758 ista
653 719 969 760 committerem
1003 720 1109 760 sola.
1173 734 1315 775 neque
1349 721 1462 761 euim
1498 722 1601 762 satis
1635 723 1734 763 mihi
1771 723 1885 763 aliud
1921 724 1997 763 lioe.
2032 730 2224 780 tempore
2261 742 2384 766 manu

183 800 384 828 sermone
417 787 599 828 consilio
633 788 823 829 scribere
857 789 973 844 loqui
1009 790 1183 831 volvere
1217 790 1338 831 libet.
1401 790 1510 832 vale.

1236 1008 1338 1051 XII.

740 1112 1024 1153 SIDONIUS
1058 1112 1365 1154 TRYGETIO
1401 1111 1515 1153 SUO
1551 1112 1845 1155 SALUTEM.

330 1203 575 1263 TAN'rrMNi:
608 1226 649 1264 te
675 1222 902 1264 Vasatium
938 1222 1093 1263 civitas
1127 1235 1211 1262 non
1247 1221 1427 1276 caespiti
1463 1221 1666 1277 imposita
1690 1222 1765 1263 sed
1790 1224 1971 1278 pulveri,
2005 1228 2169 1264 tantum
2196 1227 2389 1280 Syrticus

183 1304 290 1345 ager
327 1305 376 1332 ac
417 1306 571 1346 vagum
617 1293 755 1333 solum
798 1296 841 1333 et
874 1292 1076 1333 volatiles
1111 1291 1252 1333 ventis
1297 1290 1609 1332 altercantibus
1649 1291 1839 1333 harenae
1875 1293 1954 1333 sibi
1989 1293 2229 1348 possident.
2273 1301 2316 1334 ut
2351 1301 2390 1335 to

183 1361 350 1415 magnis
406 1361 648 1416 flagitatum
695 1361 916 1417 precibus,
973 1361 1118 1417 parvis
1166 1365 1414 1416 separatum
1463 1360 1637 1415 spatiis,
1693 1361 1839 1401 multis
1889 1367 2188 1416 exspectatum
2237 1362 2390 1403 diebus

184 1430 407 1473 attrahere
454 1431 740 1487 Burdigalam
790 1446 876 1472 non
923 1435 1186 1487 potestates,
1240 1445 1325 1471 non
1372 1429 1612 1479 amicitiae,
1659 1444 1745 1470 non
1792 1430 1979 1486 opimata
2028 1431 2201 1471 vivariis
2249 1438 2393 1473 ostrea

184 1503 371 1555 queant?
425 1514 479 1542 an
512 1501 784 1557 temporibus
817 1501 1010 1542 hibernis
1044 1501 1210 1542 viarum
1244 1504 1286 1541 te
1320 1499 1452 1540 dubia
1485 1498 1756 1555 suspendunt
1790 1503 1845 1551 et,
1879 1499 1977 1555 quia
2010 1500 2120 1540 solet
2144 1500 2391 1554 bigerricus

132 1588 146 1603 ο
184 1569 312 1611 turbo
342 1570 568 1612 mobilium
592 1585 800 1627 aggerum
825 1570 984 1612 indicia
1007 1569 1288 1622 confundere,
1322 1568 1535 1624 quoddam
1559 1569 1724 1610 vereris
1748 1569 1790 1609 in
1814 1569 1967 1610 itinere
1993 1573 2166 1610 terreno
2191 1569 2392 1624 pedestre

184 1639 486 1695 naufragium?
539 1641 625 1692 ubi,
659 1655 939 1696 quaesumus,
971 1641 1114 1682 animo
1148 1644 1236 1681 tam
1269 1639 1471 1681 celeriter
1503 1639 1696 1680 excessit
1718 1639 1915 1694 vestigiis
1946 1639 2029 1679 tuis
2054 1653 2193 1693 nuper
2215 1639 2391 1680 subacta

186 1706 363 1764 Calpis?
414 1709 489 1750 ubi
531 1709 619 1750 fixa
661 1710 850 1752 tentoria
896 1710 939 1751 in
981 1709 1170 1751 occiduis
1211 1709 1369 1750 finibus
1411 1707 1758 1749 Gaditanorum?
1820 1707 1893 1748 ubi
1937 1708 2009 1748 illc
2048 1707 2255 1763 Trygetio
2298 1723 2393 1749 meo

184 1778 297 1820 idem
346 1779 419 1835 qui
464 1778 647 1821 Herculi
696 1779 913 1835 quondam
960 1779 1169 1821 terminus
1223 1777 1560 1834 peregrinandi?
1633 1781 1859 1818 tantumne
1908 1792 1932 1817 a
1977 1781 2018 1817 te
2067 1777 2160 1831 ipso
2210 1777 2302 1832 ipse
2350 1783 2395 1818 tu

184 1847 429 1904 discrepas,
476 1853 525 1890 ut
567 1853 682 1890 totus
730 1849 773 1890 in
817 1848 1010 1890 desidiae
1056 1849 1151 1890 iura
1193 1848 1486 1899 concesseris,
1533 1860 1616 1901 quo
1662 1851 1921 1902 peragrante
1963 1850 2131 1887 secreta
2173 1847 2393 1901 regionum

182 1917 481 1959 fabulosarum
514 1918 633 1974 prius
668 1918 806 1960 defuit
836 1919 950 1960 actio
982 1918 1144 1959 laboris
1178 1932 1306 1973 quam
1340 1916 1609 1971 fatigationis
1644 1915 1852 1957 intentio?
1907 1919 2068 1971 etpost
2091 1915 2197 1956 hacc
2223 1920 2391 1970 portum

183 1986 418 2043 Alingonis
459 1992 547 2030 tam
585 1989 714 2044 piger
753 1989 918 2040 calcas,
961 2002 1010 2029 ac
1051 1988 1086 2029 si
1126 1988 1205 2029 tibi
1238 2001 1351 2028 nunc
1386 1990 1505 2028 esset
1537 1985 1590 2027 ad
1621 1986 1803 2027 limitem
1836 1984 2114 2026 Danuvinum
2149 1988 2297 2024 contra
2329 1984 2392 2024 in-

186 2071 387 2099 cursaces
410 2057 687 2113 Massagetas
720 2057 1099 2114 proficiscendum,
1133 2057 1200 2098 vel
1235 2057 1270 2098 si
1303 2071 1415 2098 nunc
1449 2056 1579 2097 etiam
1609 2060 1710 2097 tuae
1733 2055 1831 2096 navi
1854 2058 2007 2109 stagna
2028 2052 2230 2094 Nilotidis
2253 2068 2390 2107 aquae

183 2140 262 2183 per
302 2126 530 2182 indigenas
572 2127 803 2169 formidata
845 2127 1106 2169 crocodillos
1148 2127 1550 2168 transfretarentur.
1614 2128 1657 2166 et
1700 2138 1797 2165 cum
1840 2138 1918 2165 nec
1962 2121 2186 2163 duodecim
2228 2123 2392 2163 milium

189 2195 363 2237 obiectu
403 2196 462 2237 sic
505 2196 759 2249 retarderis,
801 2196 903 2252 quid
936 2201 1139 2253 putamus
1174 2211 1269 2238 cum
1304 2196 1504 2238 exercitu
1536 2194 1673 2236 Marci
1708 2193 1885 2235 Catonis
1925 2193 1968 2234 in
1999 2192 2231 2247 Leptitana
2265 2192 2391 2246 Syrte

183 2264 393 2306 fecisses?
467 2265 544 2307 sed
597 2265 837 2322 quamlibet
891 2267 984 2309 sola
1031 2266 1282 2308 hiemalium
1338 2265 1553 2307 mensium
1608 2263 1782 2305 nomina
1828 2266 2008 2313 tremas,
2062 2265 2149 2302 tam
2201 2261 2392 2302 clemens

327 2439 343 2473 1
379 2436 449 2474 cui’
474 2452 562 2474 corr.
588 2441 625 2474 in
650 2442 706 2474 cui
734 2441 780 2474 0²
899 2442 1119 2484 requirantur
1143 2439 1248 2473 MCP
1361 2439 1479 2471 illicita
1505 2438 1549 2470 M
1553 2438 1585 2470 T
1584 2437 1676 2471 GFP
1838 2434 1860 2468 2
1890 2440 2035 2477 sequuta
2060 2434 2091 2466 L
2206 2439 2257 2466 est
2282 2445 2345 2465 om.
2370 2433 2400 2464 T

185 2522 318 2564 quoties
346 2521 448 2564 (corr.
473 2523 509 2554 in
534 2523 668 2565 quoties
693 2522 762 2559 1¹⁷²)
791 2522 938 2555 LMTF
1073 2521 1094 2554 3
1119 2522 1279 2555 solatium
1305 2519 1448 2552 MTFP
1586 2517 1607 2551 4
1632 2528 1820 2560 anguorem
1853 2516 1884 2547 T
1972 2515 2105 2547 silentio
2131 2514 2166 2554 T,
2191 2514 2342 2546 silemioi·
2370 2515 2397 2541 ('

185 2603 345 2636 exhalare
370 2603 441 2645 LO,
473 2604 608 2636 exalare
634 2603 708 2645 FP,
741 2614 784 2636 ex
796 2603 983 2636 *uhalare
1011 2602 1048 2645 (3
1075 2603 1135 2635 litt.
1161 2613 1250 2635 eras.
1274 2599 1352 2635 31¹)
1379 2600 1429 2641 M,
1461 2601 1635 2633 extorbale
1658 2600 1690 2631 T
1778 2599 1887 2650 valuit
1906 2597 1971 2638 ΙΝ,
1996 2597 2089 2639 potui
2115 2595 2145 2627 T
2278 2594 2298 2625 ι’)
2318 2599 2395 2636 pose

185 2685 328 2727 dignum
353 2685 414 2727 less.
442 2696 493 2717 .s.
519 2686 566 2721 ÷
590 2696 615 2716 s.
641 2685 663 2717 Z.
685 2685 724 2717 in
750 2684 791 2716 M
800 2684 810 2703 ¹
927 2684 1106 2717 tristudine
1135 2684 1171 2725 (J,
1204 2683 1461 2716 tristitududine
1486 2681 1524 2714 F
1683 2679 1704 2712 6
1737 2690 1874 2722 nanque
1899 2678 1940 2709 ill
2108 2675 2127 2708 7
2162 2676 2251 2739 euim
2281 2687 2342 2706 om.
2367 2674 2399 2706 1’

186 2767 269 2800 satis
300 2766 391 2799 enim
422 2765 488 2798 TF
608 2766 711 2798 michi
738 2766 767 2799 0
892 2765 986 2797 aliud
1020 2776 1083 2797 om.
1117 2764 1149 2796 T
1317 2763 1339 2797 8
1375 2764 1451 2796 vale
1483 2773 1546 2795 om.
1573 2760 1648 2793 MP
1819 2758 1839 2791 9
1870 2759 2039 2801 trygetliio
2065 2757 2106 2797 L,
2143 2740 2298 2789 triccthio
2324 2755 2396 2795 „ll¹,

186 2847 346 2890 trigethio
374 2847 409 2888 O,
442 2847 576 2890 trigetio
607 2846 703 2878 TFP
848 2844 892 2879 10
923 2850 974 2878 set
998 2845 1036 2878 F
1134 2817 1280 2877 tjntum
1306 2843 1344 2876 F
1350 2843 1360 2862 ¹
1462 2843 1597 2875 sirtieus
1628 2841 1723 2874 TOF
1864 2838 1903 2872 11
1937 2850 2059 2872 arenae
2085 2838 2157 2869 Mt}
2181 2842 2210 2869 et
2242 2848 2328 2868 corr.
2356 2846 2395 2867 ca:

187 2937 247 2976 arg
265 2928 316 2960 Ρ2
440 2925 483 2959 12
507 2928 629 2971 spaciis
646 2927 691 2959 M
691 2927 720 2960 Ο
785 2932 1001 2971 expectatum
1020 2926 1064 2958 M
1065 2926 1159 2959 CFP
1275 2923 1319 2957 13
1343 2924 1521 2957 adtrahere
1538 2923 1570 2955 L
1641 2922 1864 2965 burdegalam
1891 2919 1923 2961 (e
1941 2932 2028 2953 corr.
2048 2930 2088 2952 ea:
2104 2919 2114 2951 i
2134 2918 2177 2949 J!
2183 2917 2208 2959 1)
2228 2915 2398 2948 JJYCFJ’

188 3010 365 3043 amiciciae
392 3008 462 3050 CF,
486 3009 634 3042 amicitia
659 3007 695 3051 (a
719 3021 807 3042 corr.
832 3009 870 3042 in
894 3020 934 3042 ae
958 3008 1036 3049 M1)
1062 3007 1143 3039 MT
1239 3006 1342 3038 variis
1367 3017 1403 3038 os
1428 3016 1468 3037 ex
1492 3004 1631 3036 vivariis
1656 3007 1767 3035 ostrea
1792 3002 1829 3034 ἱη
1852 3013 1922 3033 ras.
1949 3000 1992 3032 M
2001 3000 2009 3019 ¹
2162 2996 2204 3029 14
2228 2997 2311 3029 solet
2336 3008 2394 3027 δυο

191 3091 262 3123 loco
288 3101 352 3123 om.
377 3090 439 3133 less.
457 3095 539 3132 post
562 3090 771 3122 confundere
794 3090 831 3122 in
859 3089 888 3122 Ο
976 3088 1149 3131 bigericus
1174 3087 1212 3119 F
1352 3084 1392 3117 16
1418 3084 1636 3127 naufragium
1661 3082 1817 3126 pedestre
1845 3081 1874 3114 C
1963 3080 2023 3112 ubi
2048 3087 2235 3125 quesumus
2256 3081 2396 3118 praeter

190 3182 309 3204 sumus
337 3171 376 3203 in
404 3182 475 3203 ras.
500 3171 544 3203 Μ
550 3171 574 3212 ¹,
610 3171 671 3203 ubi
693 3170 734 3213 qs
765 3169 831 3201 TF
1012 3166 1054 3200 17
1086 3173 1164 3200 ante
1193 3167 1299 3210 calpis
1332 3166 1393 3208 leq.
1424 3176 1521 3197 mons
1553 3157 1686 3207 hispan'
1711 3163 1746 3195 ιή
1777 3162 1809 3194 Τ
1943 3160 2050 3203 calpis
2082 3159 2139 3191 ubi
2172 3158 2207 3189 tn
2236 3169 2307 3189 ras.
2334 3156 2392 3187 Jl¹

189 3253 447 3296 graditanorum
479 3250 602 3295 (prior.
633 3263 650 3284 r
679 3262 766 3284 eras.
795 3249 859 3292 0²)
888 3250 917 3283 (ῤ’
1049 3247 1220 3290 trygethio
1245 3245 1322 3287 LT‚
1357 3245 1517 3288 tyrigetio
1542 3244 1598 3285 Μ,
1631 3242 1646 3275 1
1671 3242 1826 3276 tricethio
1856 3252 1880 3273 8.
1913 3240 1934 3272 l.
1961 3238 2044 3271 add.
2069 3238 2112 3269 Μ
2120 3238 2142 3278 ¹,
2175 3236 2332 3279 trigethio
2361 3236 2396 3275 C,

189 3333 375 3366 trichechio
400 3332 444 3373 F,
478 3332 614 3375 trigetio
640 3331 674 3364 P
867 3329 911 3363 18
946 3330 1035 3362 idem
1064 3325 1243 3367 LMTFP,
1280 3326 1313 3357 id
1347 3330 1398 3357 est
1425 3324 1454 3356 Ο
1647 3320 1689 3354 19
1721 3323 1757 3354 in
1790 3333 1815 3353 s.
1842 3321 1863 3353 Z.
1897 3319 1980 3351 add.
2012 3318 2058 3349 T¹
2201 3316 2327 3362 deSi‘H‘S
2363 3315 2396 3362 (e

191 3414 228 3446 in
251 3425 320 3446 ras.
335 3413 413 3455 M1)
429 3413 469 3445 M
584 3410 630 3446 20
647 3375 742 3445 defuit
760 3411 806 3443 Τ1
925 3407 969 3442 21
995 3408 1163 3451 alingonis
1187 3406 1307 3449 (prior.
1325 3416 1348 3437 n
1365 3416 1453 3438 eras.
1471 3402 1533 3440 0²)
1553 3403 1588 3444 C,
1611 3402 1805 3446 alinguonis
1819 3401 1858 3433 Μ
1865 3399 1961 3432 TFP
2029 3397 2239 3430 danubinum
2253 3396 2297 3428 M
2297 3395 2360 3428 CF
2357 3395 2397 3436 P,

193 3495 384 3528 danubium
407 3493 440 3525 T
572 3490 617 3524 22
640 3499 720 3525 tuae
744 3492 824 3524 navi
849 3491 892 3532 L,
924 3496 1003 3523 tuae
1028 3500 1132 3522 naves
1157 3486 1206 3529 (es
1230 3487 1268 3518 in
1291 3497 1362 3518 ras.
1388 3484 1433 3516 M
1438 3486 1463 3525 ²,
1494 3495 1599 3517 naves
1623 3495 1648 3516 3.
1675 3483 1696 3515 Z.
1723 3482 1806 3515 add.
1824 3480 1892 3523 F2)
1911 3480 1954 3512 M
1959 3479 1990 3511 T
1990 3478 2083 3511 C'FI'
2217 3475 2260 3508 23
2286 3477 2397 3509 sormi-

195 3574 273 3607 data
297 3571 396 3616 (post.
421 3584 442 3605 a
464 3572 501 3604 in
525 3583 594 3605 ras.
621 3571 667 3603 M
673 3571 700 3614 ¹)
726 3570 772 3602 ΛΠ
883 3569 1101 3603 crocodrillos
1125 3567 1208 3607 MP,
1239 3565 1455 3598 corcodrillos
1486 3564 1523 3606 T,
1552 3563 1750 3597 eocodrillos
1779 3561 1842 3595 OF
1952 3560 2206 3592 transfretarent
2229 3556 2272 3587 ΠΙ
2278 3556 2308 3587 Τ
2307 3555 2400 3587 CFJ’

194 3653 239 3687 24
263 3655 312 3687 sic
336 3665 362 3686 8.
389 3654 410 3686 Z.
437 3652 520 3685 add.
538 3652 600 3684 Mi
706 3656 806 3695 putas
828 3650 866 3683 F
965 3650 1137 3693 lepcitana
1152 3647 1229 3688 LT‚
1258 3646 1410 3689 lepitana
1426 3644 1464 3677 F
1568 3645 1648 3677 sii-te
1673 3642 1796 3676 TOFP
1947 3638 1991 3672 25
2015 3638 2073 3670 sed
2097 3636 2140 3668 „II
2145 3636 2176 3667 Τ
2175 3635 2275 3676 CFP,
2307 3636 2347 3668 de
2364 3635 2397 3667 L

666 3697 680 3724 I.

195 3746 374 3773 mensuum
400 3733 431 3765 L
516 3696 646 3766 'tremas
670 3733 808 3766 nomina
831 3736 963 3774 transp.
984 3730 1030 3764 0¹

2442 1231 2452 1266 I

2439 1642 2462 1679 tc>
