2583 4011
1146 214 1482 257 1§s-11§s.
2328 224 2408 264 267

209 330 503 386 castigationis
556 328 770 373 admovit.
821 331 862 371 in
909 329 1010 379 hac,
1069 330 1262 384 inquam.
1318 332 1464 386 quiete
1515 346 1689 387 magna.
1749 334 1784 374 si
1832 349 2138 389 agnoscamus.
2186 337 2480 388 vacationeG

207 401 378 452 donati,
413 399 513 441 dum
546 414 681 441 novos
716 402 834 442 cives
869 400 1128 441 commercio
1162 400 1354 440 caritatis
1387 400 1674 455 adquirimus.
1708 402 1807 443 dum
1840 403 1892 444 de
1924 405 2236 460 adquisitorum
2269 407 2411 448 salute

205 469 462 526 gaudemuS,
508 470 618 510 iuter
660 469 765 510 haec
807 470 935 524 positi
981 469 1112 510 bona.
1154 471 1371 523 praesenti
1417 471 1673 511 insultamus
1716 473 1871 513 exsilio
1911 481 1953 514 et
1987 476 2169 528 patriam
2213 490 2288 517 nos
2319 490 2405 517 non

205 540 402 581 amisisse
435 538 511 580 sed
544 545 835 579 commutasse
870 539 1184 591 cognoscimus,
1248 552 1343 578 nam
1377 538 1475 579 dum
1512 539 1660 580 fideles
1695 542 1843 582 faumli
1885 541 1952 582 dci
1992 544 2033 584 in
2077 545 2409 586 necessitatibus

153 619 167 642 ἴ·
209 609 365 650 nostris
398 607 638 648 bonitatem
672 621 776 648 suae
809 607 1051 648 dovotionis
1085 615 1313 649 exercent.
1352 609 1443 649 sine
1484 608 1586 650 sede
1626 612 1797 665 propria
1843 625 2138 667 possessores.
2183 615 2273 655 sine
2307 629 2407 670 pos-

136 966 168 989 lo

131 1658 164 1684 20

129 2006 162 2032 25

128 2354 162 2379 30

129 2703 161 2729 35

126 3051 160 3075 40

206 678 400 720 sessione
431 676 588 717 divites
623 691 781 720 sumus.
816 678 942 717 immo
977 692 1052 717 eos
1087 679 1156 733 qui
1191 678 1243 719 de
1274 684 1419 719 nostra
1454 680 1638 720 fructum
1677 681 1851 735 capiunt
1883 682 2179 723 consolatione
2204 683 2407 725 ditamus.

205 748 312 788 miro
345 745 470 786 modo
504 746 799 786 consolatores
835 748 967 787 nostri
1003 747 1054 788 de
1088 749 1364 803 pauperculis
1399 750 1674 800 negotiantur
1706 758 1748 789 ct
1781 749 1833 789 de
1868 752 2017 803 egenis
2051 752 2169 792 lucra
2199 757 2409 808 perpetua

206 820 542 870 consequuntur.
594 829 676 869 ego
710 820 855 856 autem
883 816 991 856 lianc
1017 818 1196 872 primam
1224 818 1575 859 munificentiam.
1613 818 1786 859 domiuo
1815 820 2042 873 largiente,
2077 823 2265 877 percepi.
2298 823 2411 876 quod

205 885 424 942 piissimus
466 898 590 925 meus
631 884 830 925 Ruricius
878 892 975 939 post
1022 887 1134 926 vitae
1180 886 1304 926 liuius
1353 887 1606 927 iactatismes
1656 888 1707 928 ad
1757 894 1926 944 portum
1978 890 2195 942 religionis
2244 905 2412 946 proram

209 955 373 997 salutis.
406 954 567 995 excelsi
602 967 728 994 manu
762 954 1051 1006 gubernante.
1092 958 1317 996 convertit.
1358 956 1466 1010 quod
1503 965 1597 1011 post
1632 958 1804 998 umbras
1838 958 2136 999 seduc-entium
2172 961 2408 1001 vanitatum

204 1029 247 1066 et
287 1024 526 1064 inlusiones
571 1023 929 1063 transvolantium
974 1025 1234 1065 somniorum
1288 1040 1487 1066 mansura
1537 1032 1579 1066 et
1618 1027 1751 1067 solida
1805 1029 2049 1083 concupivit
2094 1034 2155 1069 ct.
2204 1029 2410 1085 despecto

203 1093 378 1135 tandem
409 1093 596 1135 saeculo.
631 1093 925 1133 infelicitatem
961 1094 1053 1133 eius
1088 1108 1286 1145 magnam
1323 1096 1499 1150 respuit.
1534 1096 1785 1137 felicitatem
1823 1103 1865 1137 ot
1897 1098 2061 1138 lucrum
2087 1099 2150 1138 sui
2175 1098 2226 1139 de
2251 1099 2409 1140 mundo

202 1167 411 1218 pereunte
454 1161 710 1216 adquisivit.
751 1176 854 1216 pace
888 1161 1001 1202 tideli
1036 1169 1164 1217 atquc
1199 1164 1505 1205 collabentium
1543 1180 1682 1206 rerum
1717 1166 1817 1216 fuga
1854 1169 2141 1221 praeteriens.
2184 1182 2267 1222 qua
2305 1182 2408 1224 opes

205 1235 455 1287 contemptu
498 1245 574 1271 suo
619 1231 822 1271 contulit.
875 1245 985 1286 quac
1036 1232 1118 1272 iam
1165 1246 1242 1272 usu
1290 1248 1366 1272 suo
1417 1235 1614 1274 conferre
1666 1236 1767 1276 nihil
1812 1242 2028 1291 poterant.
2098 1237 2210 1278 unde
2252 1243 2413 1293 quanta

151 1313 165 1336 5
207 1301 367 1342 dudum
400 1301 624 1342 alacritate
659 1300 955 1341 saecularibus
998 1301 1149 1341 studiis
1189 1302 1485 1344 militavimus.
1526 1312 1642 1345 tanta
1684 1320 1797 1346 nune
1836 1306 2068 1347 devotione
2108 1307 2280 1348 domino
2322 1321 2412 1347 ser-

206 1372 386 1413 viamus.
448 1375 491 1411 et
529 1370 629 1425 quia.
671 1384 738 1410 mc.
781 1370 998 1411 austerius
1032 1371 1146 1426 loqui
1193 1386 1339 1412 secum
1385 1387 1460 1428 pro
1502 1379 1779 1428 peecatorum
1822 1376 2045 1416 curatione
2088 1377 2228 1431 pietas
2269 1381 2412 1417 vestra

202 1440 456 1495 constringit
488 1443 530 1479 et
562 1439 675 1480 illius
709 1439 951 1481 sententiae
994 1454 1074 1481 nou
1119 1441 1323 1482 observat
1368 1443 1593 1486 iuvidiam.
1641 1458 1751 1499 quae
1790 1445 1910 1486 dicit:
1960 1447 2128 1487 iustus
2176 1447 2224 1487 in
2267 1448 2405 1502 prin-

203 1510 343 1566 cipio
386 1510 467 1551 sui
509 1513 588 1550 est
626 1514 936 1550 accusator.
980 1510 1187 1565 imprimis
1229 1525 1331 1565 crgo
1367 1512 1513 1567 lapsus
1546 1514 1631 1553 oris
1666 1514 1890 1569 cordisque
1924 1515 2124 1557 vitemus.
2186 1516 2261 1557 sod
2294 1516 2406 1571 ‘luod

204 1580 290 1622 oris
338 1578 550 1621 diximus.
599 1579 634 1618 si
679 1578 794 1619 cordi
841 1578 1059 1620 studueris
1107 1580 1314 1622 adhibere
1368 1582 1629 1625 custodiam.
1681 1585 1740 1624 ori
1792 1598 1874 1624 nou
1925 1584 2142 1626 laborabis
2189 1586 2411 1641 imponere

204 1649 497 1705 disciplinam.
538 1649 629 1689 sine
662 1647 916 1689 difficultate
951 1649 1139 1690 ostium
1175 1651 1608 1693 circumstantiae
1644 1667 1864 1708 opponere
1900 1655 2056 1709 poterit
2088 1654 2252 1695 labiis
2286 1656 2413 1696 suis.

200 1718 305 1760 illud
339 1717 550 1774 siquidem
584 1731 691 1758 voce
735 1717 1007 1773 depromitur
1047 1718 1159 1773 quod
1204 1720 1322 1774 prius
1368 1721 1408 1760 iu
1453 1721 1626 1762 officina
1670 1723 1963 1764 conscientiae
2006 1723 2288 1769 deformatur,
2335 1724 2412 1766 hoc

199 1789 393 1830 exterior
423 1787 564 1829 reddit
601 1787 713 1843 quod
757 1787 890 1829 dictat
933 1789 1130 1839 interior,
1172 1803 1293 1830 mens
1336 1795 1514 1831 exercet
1554 1791 1803 1847 imperium.
1845 1792 1994 1847 lingua,
2037 1793 2305 1836 famulatum.
2368 1797 2410 1833 et

200 1863 430 1916 propterea
480 1856 741 1899 caelestibus
795 1857 1028 1899 edocemur
1081 1858 1285 1914 eloquiis:
1345 1874 1408 1900 ex
1455 1860 1784 1902 abundantia
1830 1861 2006 1903 cordis
2055 1876 2109 1902 os
2164 1863 2411 1918 loquitur.

197 1927 312 1984 quod
349 1927 402 1970 de
446 1941 647 1969 sermone
689 1927 809 1968 nasci
841 1927 1032 1970 videtur.
1074 1929 1193 1984 prius
1234 1930 1495 1983 cogitatione
1535 1931 1797 1986 concipitur:
1846 1936 1893 1972 ut
1932 1932 2017 1972 oris
2060 1946 2192 1973 sonus
2236 1933 2413 1988 indigna

201 2012 289 2040 non
320 1997 521 2054 proferat,
555 1997 721 2037 animus
755 1996 869 2037 iusta.
900 1997 1158 2053 praecipiat.
1221 2003 1264 2039 ct
1297 1999 1396 2054 quia
1430 1999 1513 2039 duo
1547 2005 1647 2040 sunt
1681 2001 1935 2041 ieiuniorum
1971 2015 2153 2056 genera:
2188 2016 2319 2043 unum
2343 2003 2407 2043 in-

200 2067 491 2109 continentiae
524 2066 763 2121 appetitum
796 2080 821 2106 a
854 2067 966 2107 male
1000 2067 1170 2109 blandis
1204 2067 1455 2109 deliciarum
1491 2068 1780 2110 suavitatibus
1816 2084 2031 2112 coercere.
2067 2077 2113 2112 ut
2146 2072 2338 2113 exterior
2370 2076 2413 2113 et

198 2141 398 2179 terrenus
430 2136 558 2177 homo
591 2149 764 2177 vomere
809 2135 948 2177 crucis
991 2134 1204 2177 edomitus
1238 2136 1466 2177 commoda
1499 2137 1747 2179 infirmitate
1781 2143 2041 2187 marcescat3
2081 2140 2266 2181 alterum
2306 2140 2405 2181 abs-

199 2207 412 2248 tinentiae
446 2220 584 2261 genus
619 2209 687 2246 est
718 2205 854 2246 multo
895 2205 1146 2256 sublimius,
1192 2206 1326 2247 multo
1365 2206 1618 2262 pretiosius,
1663 2207 1729 2248 cui
1773 2207 1891 2248 nulla
1931 2208 2227 2250 contradicere
2273 2209 2411 2265 possit

199 2276 446 2327 infirmitas,
491 2278 634 2315 motus
674 2274 804 2315 animi
837 2288 990 2330 regere
1025 2280 1067 2316 et
1100 2275 1421 2318 irrationabiles
1454 2277 1805 2332 perturbationes
1839 2278 1906 2319 vel
1941 2278 2265 2320 colluctantium
2299 2279 2410 2320 inter

204 2360 250 2388 se
283 2345 593 2401 cogitationum
632 2345 843 2386 tumultus
876 2345 1092 2386 interioris
1125 2345 1284 2386 iudicio
1317 2346 1537 2387 refrenare
1571 2351 1614 2388 et
1647 2351 1798 2387 contra
1830 2347 2181 2403 impugnationes
2215 2349 2408 2390 occultas

198 2415 269 2458 vel
308 2419 459 2456 contra
502 2413 766 2455 domesticos
805 2414 1002 2456 inimicos
1042 2416 1180 2456 rixam
1221 2416 1435 2470 quandam
1482 2417 1706 2458 irascentis
1747 2416 1845 2458 fidei
1886 2418 2144 2460 auctoritate
2179 2433 2409 2461 conserere

201 2489 244 2527 et
280 2500 359 2542 per
396 2484 768 2531 benevolentiam,
810 2485 1212 2532 mansuetudinem,
1255 2486 1535 2542 patientiam.
1582 2486 1938 2541 tranquillitatem
1979 2485 2049 2528 dei
2089 2487 2323 2543 imaginem
2365 2490 2408 2530 in

198 2554 311 2597 facie
342 2554 562 2596 interioris
595 2553 817 2596 excolere:
862 2555 983 2596 cuius
1017 2554 1148 2597 decus
1180 2569 1265 2597 non
1298 2556 1340 2597 in
1374 2557 1567 2613 corporis
1600 2570 1847 2612 personam,
1882 2556 1959 2598 sed
1992 2557 2033 2598 in
2068 2557 2198 2598 animi
2230 2558 2410 2600 formam

199 2625 393 2667 sollertia
424 2624 600 2665 factoris
633 2624 867 2680 impressit.
920 2624 1060 2666 virum
1093 2625 1310 2681 spiritalia
1342 2630 1385 2667 et
1415 2625 1561 2667 divina
1600 2627 1863 2681 cogitantem
1896 2627 2074 2668 tristitia
2108 2641 2191 2668 non
2226 2627 2410 2683 frangat,

201 2695 371 2736 laetitia
402 2707 488 2735 non
519 2693 724 2745 resolvat,
758 2693 999 2735 stabilitum
1030 2694 1074 2735 in
1107 2695 1259 2736 timore
1293 2694 1363 2736 dei
1395 2699 1549 2751 pectus
1582 2696 1954 2750 magnanimitatis
1988 2697 2228 2752 aequalitas
2259 2702 2406 2739 osten-

199 2763 292 2817 dat,
332 2768 381 2805 ut
421 2767 464 2805 et
502 2763 629 2805 nobis
663 2763 857 2818 coaptari
890 2763 1027 2819 possit
1059 2763 1196 2805 libelli
1235 2763 1349 2805 illius
1393 2764 1562 2819 insigne
1605 2765 1884 2821 principium,
1928 2765 2002 2806 ubi
2039 2765 2111 2807 ille
2152 2766 2408 2821 magnificus

199 2833 415 2881 Helcana,
457 2833 530 2888 qui
561 2832 778 2889 possessio
811 2832 880 2874 dei
913 2833 1246 2889 interpretatur,
1278 2833 1342 2874 vir
1373 2847 1484 2875 unus
1516 2835 1700 2890 mystico
1733 2840 2008 2891 nuncupatur
2039 2836 2229 2890 eloquio:
2275 2841 2409 2889 erat,

197 2903 356 2958 inquit,
398 2902 478 2943 vir
508 2916 666 2954 unus7
706 2902 788 2943 hoc
821 2906 888 2943 est
921 2916 1094 2958 semper
1133 2902 1268 2951 idem;
1313 2903 1415 2958 quia
1458 2903 1564 2944 nihil
1603 2904 1646 2945 in
1692 2919 1742 2946 eo
1782 2905 2022 2961 apparebat
2061 2904 2258 2955 dubium,
2303 2905 2409 2946 nihil

198 2972 383 3028 dupleX,
425 2971 530 3012 nihil
562 2971 748 3020 varium,
790 2970 895 3012 nihil
932 2971 1176 3022 diversum,
1223 2971 1299 3014 sed
1341 2986 1440 3014 eum
1478 2973 1521 3014 in
1559 2977 1676 3015 statu
1714 2974 1921 3015 virtutum
1963 2974 2219 3016 inconcusso
2261 2974 2408 3017 ordine

199 3045 531 3097 permanentem
561 3040 803 3082 accidentia
834 3041 877 3082 in
919 3042 1179 3083 contrarium
1218 3055 1304 3083 non
1341 3042 1592 3095 movebant,
1638 3042 1864 3085 mutabilia
1904 3047 2099 3099 tempora
2138 3057 2222 3085 non
2261 3048 2400 3085 muta-

194 3111 300 3152 bant
347 3124 426 3152 nec
475 3124 595 3163 eum,
643 3115 691 3151 ut
736 3111 912 3152 marinis
956 3111 1158 3152 fluctibus
1207 3111 1338 3152 moris
1381 3116 1466 3163 est,
1514 3112 1556 3153 in
1599 3112 1790 3154 alternas
1832 3116 1980 3168 partes
2027 3113 2140 3154 levia
2182 3117 2407 3154 ventorum

197 3179 333 3221 flabra
362 3180 612 3221 versabant.
672 3179 735 3220 ita
766 3186 810 3221 et
841 3180 1050 3221 sollicitus
1083 3180 1153 3221 dei
1182 3180 1368 3221 famulus
1391 3186 1514 3222 vasta
1538 3181 1639 3222 fidei
1670 3182 1784 3223 mole
1816 3181 2021 3223 fundatus
2054 3181 2098 3222 in
2120 3181 2202 3223 hoc
2224 3186 2407 3235 tantum,

337 3330 377 3365 17
403 3330 509 3365 Prov.
534 3328 669 3371 XVIII,
697 3331 750 3365 17.
891 3331 938 3364 -20
962 3330 1095 3365 Psalm.
1123 3329 1225 3371 CXL,
1251 3330 1282 3364 3.
1424 3330 1469 3364 23
1494 3330 1629 3366 Matth.
1654 3330 1736 3375 XII,
1762 3331 1816 3365 34.
1959 3331 2001 3366 37
2029 3330 2056 3365 I.
2074 3330 2165 3376 Reg.
2192 3330 2219 3371 I,
2248 3332 2276 3365 1.

336 3423 353 3456 1
380 3423 544 3467 admouit]
565 3423 766 3465 Mommsen,
791 3425 967 3458 admonuit
987 3424 1018 3457 G
1087 3425 1200 3467 quiete
1225 3422 1362 3468 magna]
1389 3425 1521 3468 scripsi,
1546 3427 1604 3469 qui
1630 3430 1663 3459 et
1682 3437 1808 3469 magna
1829 3425 1858 3457 G
1976 3423 1997 3457 3
2022 3422 2178 3468 patriam]
2204 3430 2270 3467 pat,
2297 3430 2406 3457 cetera

195 3488 405 3515 evanuerunt
422 3482 462 3523 G,
478 3489 608 3526 patrem
624 3483 781 3515 canisius
891 3482 910 3516 7
925 3483 1144 3516 consolatoris
1159 3483 1188 3514 G
1200 3483 1209 3502 ¹
1319 3481 1340 3514 9
1353 3483 1544 3516 iactationis
1559 3484 1588 3516 G
1698 3482 1742 3516 10
1752 3484 1907 3516 uanitum
1925 3482 1955 3515 G
2065 3480 2108 3514 12
2121 3480 2261 3525 respuit]
2275 3483 2406 3524 scripsi,

195 3541 309 3584 rapuit
320 3540 350 3572 G
413 3541 653 3573 “felicitatem
665 3540 695 3573 G
812 3539 855 3573 13
871 3539 967 3584 pace]
984 3541 1068 3573 coni.
1084 3539 1285 3579 sssom‘msen,
1301 3550 1379 3572 ecce
1397 3540 1437 3581 G,
1454 3546 1525 3574 arte
1540 3541 1698 3574 Canisius
1817 3540 1859 3572 14
1872 3545 2002 3583 poterat
2014 3540 2044 3572 G
2162 3538 2204 3572 16
2217 3541 2362 3573 austeris
2376 3540 2405 3572 G

196 3595 240 3630 19
269 3598 380 3630 cordis
413 3598 477 3638 G¹,
510 3609 581 3630 ras.
614 3609 629 3631 s
655 3598 710 3630 G²
843 3599 1046 3631 laborastis
1080 3598 1131 3630 G¹
1310 3595 1356 3629 25
1388 3609 1497 3630 unum
1528 3615 1572 3621 -—
1598 3611 1636 3641 p.
1665 3600 1749 3638 268,
1780 3599 1802 3630 l.
1830 3600 1871 3630 17
1899 3595 2060 3639 secunda]
2087 3608 2161 3628 cum
2186 3608 2237 3639 ep.
2264 3595 2363 3629 XVI
2381 3608 2404 3629 a

195 3654 327 3688 Fausto
352 3655 401 3688 ad
417 3655 564 3688 Felicem
589 3656 673 3688 data
690 3657 770 3698 fere
795 3656 996 3688 conveniunt
1135 3654 1180 3687 26
1205 3653 1373 3697 coercere]
1400 3666 1533 3689 cercere
1554 3656 1585 3688 G
1723 3653 1767 3688 27
1792 3652 1994 3697 marcescat]
2020 3654 2151 3696 scripsi,
2177 3660 2342 3686 marescat
2362 3654 2402 3695 G,

195 3718 380 3746 macrescat
407 3713 564 3745 canisius
703 3712 747 3745 31
773 3714 958 3745 irascentes
987 3713 1017 3745 G
1155 3711 1200 3745 35
1225 3714 1516 3755 magnanimitatis
1542 3712 1743 3756 aequalitas]
1770 3724 1819 3756 ep.
1840 3712 1877 3744 Χ
1884 3712 1944 3752 VI,
1969 3711 2231 3754 magnanimitas
2255 3712 2403 3754 aequali-

194 3771 273 3803 tatis
294 3771 323 3802 G
460 3769 505 3803 39
531 3769 669 3814 duplex]
697 3771 782 3802 nihil
806 3771 966 3803 accidens
991 3771 1028 3802 in
1054 3781 1104 3813 ep.
1126 3769 1224 3801 XVI
1241 3770 1322 3802 aclcl.
1418 3771 1506 3804 statii
1538 3771 1568 3803 G
1707 3769 1753 3803 40
1777 3767 1978 3811 accidentia]
2005 3769 2199 3801 accedentia
2223 3779 2353 3812 semper
2373 3769 2404 3803 G

2032 3846 2106 3880 34*

2456 1795 2480 1831 (ἱ
