<?xml version="1.0" encoding="UTF-8"?>
<!DOCTYPE html PUBLIC "-//W3C//DTD XHTML 1.0 Transitional//EN"
    "http://www.w3.org/TR/xhtml1/DTD/xhtml1-transitional.dtd">
<html xmlns="http://www.w3.org/1999/xhtml" xml:lang="en" lang="en">
 <head>
  <title>
</title>
<meta http-equiv="Content-Type" content="text/html;charset=utf-8" />
  <meta name='ocr-system' content='tesseract 3.04.00' />
  <meta name='ocr-capabilities' content='ocr_page ocr_carea ocr_par ocr_line ocrx_word'/>
</head>
<body>
  <div class='ocr_page' id='page_1' title='image "./monumentager08geseuoft_0432.png"; bbox 0 0 2583 4011; ppageno 0'>
   <div class='ocr_carea' id='block_1_1' title="bbox 108 298 149 342">
    <p class='ocr_par' dir='ltr' id='par_1_1' title="bbox 108 298 149 342">
     <span class='ocr_line' id='line_1_1' title="bbox 108 298 149 342; baseline -0.024 0"><span class='ocrx_word' id='word_1_1' title='bbox 108 298 149 342; x_wconf 75' lang='lat' dir='ltr'><em>G</em></span> 
     </span>
    </p>
   </div>
   <div class='ocr_carea' id='block_1_2' title="bbox 220 183 1580 225">
    <p class='ocr_par' dir='ltr' id='par_1_2' title="bbox 220 183 1580 225">
     <span class='ocr_line' id='line_1_2' title="bbox 220 183 1580 225; baseline -0.005 0"><span class='ocrx_word' id='word_1_2' title='bbox 220 187 299 225; x_wconf 76' lang='lat'>334</span> <span class='ocrx_word' id='word_1_3' title='bbox 1030 183 1213 218; x_wconf 81' lang='lat' dir='ltr'>RURICH</span> <span class='ocrx_word' id='word_1_4' title='bbox 1240 183 1580 219; x_wconf 83' lang='lat' dir='ltr'><strong>EPISTULARUM</strong></span> 
     </span>
    </p>
   </div>
   <div class='ocr_carea' id='block_1_3' title="bbox 221 297 2398 354">
    <p class='ocr_par' dir='ltr' id='par_1_3' title="bbox 221 297 2398 354">
     <span class='ocr_line' id='line_1_3' title="bbox 221 297 2398 354; baseline 0.003 -16"><span class='ocrx_word' id='word_1_5' title='bbox 221 298 272 338; x_wconf 89' lang='lat' dir='ltr'>ad</span> <span class='ocrx_word' id='word_1_6' title='bbox 306 297 593 338; x_wconf 68' lang='lat' dir='ltr'>sacerdotium</span> <span class='ocrx_word' id='word_1_7' title='bbox 624 312 762 352; x_wconf 88' lang='lat' dir='ltr'>usque</span> <span class='ocrx_word' id='word_1_8' title='bbox 804 299 1027 354; x_wconf 77' lang='lat' dir='ltr'>perduxit,</span> <span class='ocrx_word' id='word_1_9' title='bbox 1069 300 1136 340; x_wconf 88' lang='lat' dir='ltr'>eui</span> <span class='ocrx_word' id='word_1_10' title='bbox 1176 300 1360 341; x_wconf 89' lang='lat' dir='ltr'>fortasse</span> <span class='ocrx_word' id='word_1_11' title='bbox 1394 301 1521 341; x_wconf 89' lang='lat' dir='ltr'>etiam</span> <span class='ocrx_word' id='word_1_12' title='bbox 1554 300 1674 340; x_wconf 85' lang='lat' dir='ltr'>iuxta</span> <span class='ocrx_word' id='word_1_13' title='bbox 1705 300 1891 341; x_wconf 89' lang='lat' dir='ltr'>divinam</span> <span class='ocrx_word' id='word_1_14' title='bbox 1922 301 2258 343; x_wconf 86' lang='lat' dir='ltr'>misericordiam</span> <span class='ocrx_word' id='word_1_15' title='bbox 2290 304 2398 345; x_wconf 86' lang='lat' dir='ltr'>lucis</span> 
     </span>
    </p>
   </div>
   <div class='ocr_carea' id='block_1_4' title="bbox 150 366 2397 427">
    <p class='ocr_par' dir='ltr' id='par_1_4' title="bbox 150 366 2397 427">
     <span class='ocr_line' id='line_1_4' title="bbox 150 366 2397 427; baseline 0.003 -22"><span class='ocrx_word' id='word_1_16' title='bbox 150 369 172 405; x_wconf 67' lang='lat'>4</span> <span class='ocrx_word' id='word_1_17' title='bbox 219 366 340 406; x_wconf 81' lang='lat' dir='ltr'>istius</span> <span class='ocrx_word' id='word_1_18' title='bbox 375 366 556 407; x_wconf 84' lang='lat' dir='ltr'>debetur</span> <span class='ocrx_word' id='word_1_19' title='bbox 587 380 730 408; x_wconf 87' lang='lat' dir='ltr'>usura.</span> <span class='ocrx_word' id='word_1_20' title='bbox 790 367 863 408; x_wconf 88' lang='lat' dir='ltr'>sed</span> <span class='ocrx_word' id='word_1_21' title='bbox 896 367 1002 408; x_wconf 86' lang='lat' dir='ltr'>haee</span> <span class='ocrx_word' id='word_1_22' title='bbox 1035 381 1113 421; x_wconf 84' lang='lat' dir='ltr'>ego</span> <span class='ocrx_word' id='word_1_23' title='bbox 1146 368 1403 409; x_wconf 87' lang='lat' dir='ltr'>beatitudini</span> <span class='ocrx_word' id='word_1_24' title='bbox 1432 373 1533 409; x_wconf 87' lang='lat' dir='ltr'>tuae</span> <span class='ocrx_word' id='word_1_25' title='bbox 1558 368 1712 415; x_wconf 78' lang='grc'>3011110,</span> <span class='ocrx_word' id='word_1_26' title='bbox 1746 383 1828 409; x_wconf 87' lang='grc' dir='ltr'>11οη</span> <span class='ocrx_word' id='word_1_27' title='bbox 1853 370 1976 424; x_wconf 82' lang='lat' dir='ltr'>quasi</span> <span class='ocrx_word' id='word_1_28' title='bbox 1999 370 2160 425; x_wconf 88' lang='lat' dir='ltr'>aliquid</span> <span class='ocrx_word' id='word_1_29' title='bbox 2182 371 2397 427; x_wconf 79' lang='lat' dir='ltr'>imputans</span> 
     </span>
    </p>
   </div>
   <div class='ocr_carea' id='block_1_5' title="bbox 139 1300 161 1337">
    <p class='ocr_par' dir='ltr' id='par_1_5' title="bbox 139 1300 161 1337">
     <span class='ocr_line' id='line_1_5' title="bbox 139 1300 161 1337; textangle 90"><span class='ocrx_word' id='word_1_30' title='bbox 139 1300 161 1337; x_wconf 66' lang='grc' dir='ltr'>Ιύ</span> 
     </span>
    </p>
   </div>
   <div class='ocr_carea' id='block_1_6' title="bbox 125 2296 146 2332">
    <p class='ocr_par' dir='ltr' id='par_1_6' title="bbox 125 2296 146 2332">
     <span class='ocr_line' id='line_1_6' title="bbox 125 2296 146 2332; textangle 90"><span class='ocrx_word' id='word_1_31' title='bbox 125 2296 146 2332; x_wconf 60' lang='lat' dir='ltr'>Na</span> 
     </span>
    </p>
   </div>
   <div class='ocr_carea' id='block_1_7' title="bbox 122 2569 144 2607">
    <p class='ocr_par' dir='ltr' id='par_1_7' title="bbox 122 2569 144 2607">
     <span class='ocr_line' id='line_1_7' title="bbox 122 2569 144 2607; textangle 90"><span class='ocrx_word' id='word_1_32' title='bbox 122 2569 144 2607; x_wconf 52' lang='lat' dir='ltr'>Q:</span> 
     </span>
    </p>
   </div>
   <div class='ocr_carea' id='block_1_8' title="bbox 213 434 2398 697">
    <p class='ocr_par' dir='ltr' id='par_1_8' title="bbox 213 434 2398 697">
     <span class='ocr_line' id='line_1_8' title="bbox 218 434 2397 493; baseline 0.005 -21"><span class='ocrx_word' id='word_1_33' title='bbox 218 440 290 473; x_wconf 86' lang='lat' dir='ltr'>aut</span> <span class='ocrx_word' id='word_1_34' title='bbox 329 434 616 488; x_wconf 74' lang='lat' dir='ltr'>exprobrans,</span> <span class='ocrx_word' id='word_1_35' title='bbox 661 435 735 475; x_wconf 93' lang='lat' dir='ltr'>sed</span> <span class='ocrx_word' id='word_1_36' title='bbox 774 440 820 475; x_wconf 89' lang='lat' dir='ltr'>ut</span> <span class='ocrx_word' id='word_1_37' title='bbox 862 436 947 476; x_wconf 84' lang='lat' dir='ltr'>filio</span> <span class='ocrx_word' id='word_1_38' title='bbox 990 437 1232 488; x_wconf 74' lang='lat' dir='ltr'>carissimo,</span> <span class='ocrx_word' id='word_1_39' title='bbox 1278 451 1403 492; x_wconf 89' lang='lat' dir='ltr'>quem</span> <span class='ocrx_word' id='word_1_40' title='bbox 1444 438 1537 478; x_wconf 90' lang='lat' dir='ltr'>sine</span> <span class='ocrx_word' id='word_1_41' title='bbox 1577 437 1663 477; x_wconf 93' lang='grc'>11110</span> <span class='ocrx_word' id='word_1_42' title='bbox 1706 451 1841 478; x_wconf 91' lang='lat' dir='ltr'>naevo</span> <span class='ocrx_word' id='word_1_43' title='bbox 1883 439 2008 493; x_wconf 87' lang='lat' dir='ltr'>cupio</span> <span class='ocrx_word' id='word_1_44' title='bbox 2050 439 2093 479; x_wconf 91' lang='lat' dir='ltr'>in</span> <span class='ocrx_word' id='word_1_45' title='bbox 2127 439 2206 480; x_wconf 88' lang='lat' dir='ltr'>hoc</span> <span class='ocrx_word' id='word_1_46' title='bbox 2239 441 2397 482; x_wconf 90' lang='lat' dir='ltr'>mundo</span> 
     </span>
     <span class='ocr_line' id='line_1_9' title="bbox 214 501 2398 559; baseline 0.005 -19"><span class='ocrx_word' id='word_1_47' title='bbox 214 501 447 557; x_wconf 84' lang='lat' dir='ltr'>impietatis</span> <span class='ocrx_word' id='word_1_48' title='bbox 491 503 690 544; x_wconf 84' lang='lat' dir='ltr'>incedere</span> <span class='ocrx_word' id='word_1_49' title='bbox 733 509 774 544; x_wconf 90' lang='lat' dir='ltr'>et</span> <span class='ocrx_word' id='word_1_50' title='bbox 813 519 964 559; x_wconf 88' lang='lat' dir='ltr'>purum</span> <span class='ocrx_word' id='word_1_51' title='bbox 1005 510 1133 559; x_wconf 87' lang='lat' dir='ltr'>atque</span> <span class='ocrx_word' id='word_1_52' title='bbox 1175 506 1494 546; x_wconf 88' lang='lat' dir='ltr'>immaculatum</span> <span class='ocrx_word' id='word_1_53' title='bbox 1538 505 1580 545; x_wconf 91' lang='lat' dir='ltr'>in</span> <span class='ocrx_word' id='word_1_54' title='bbox 1627 505 1698 545; x_wconf 91' lang='lat' dir='ltr'>illo</span> <span class='ocrx_word' id='word_1_55' title='bbox 1746 505 1815 546; x_wconf 88' lang='lat' dir='ltr'>die</span> <span class='ocrx_word' id='word_1_56' title='bbox 1864 506 2007 547; x_wconf 86' lang='lat' dir='ltr'>iudicii</span> <span class='ocrx_word' id='word_1_57' title='bbox 2051 521 2194 548; x_wconf 88' lang='lat' dir='ltr'>coram</span> <span class='ocrx_word' id='word_1_58' title='bbox 2234 508 2315 549; x_wconf 92' lang='lat' dir='ltr'>deo</span> <span class='ocrx_word' id='word_1_59' title='bbox 2357 513 2398 550; x_wconf 89' lang='lat' dir='ltr'>et</span> 
     </span>
     <span class='ocr_line' id='line_1_10' title="bbox 213 571 2397 630; baseline 0.004 -21"><span class='ocrx_word' id='word_1_60' title='bbox 213 571 379 624; x_wconf 81' lang='lat' dir='ltr'>angelis</span> <span class='ocrx_word' id='word_1_61' title='bbox 412 572 503 611; x_wconf 81' lang='lat' dir='ltr'>eius</span> <span class='ocrx_word' id='word_1_62' title='bbox 536 586 584 611; x_wconf 86' lang='lat' dir='ltr'>ae</span> <span class='ocrx_word' id='word_1_63' title='bbox 620 574 955 627; x_wconf 82' lang='lat' dir='ltr'>congregatione</span> <span class='ocrx_word' id='word_1_64' title='bbox 989 576 1129 615; x_wconf 89' lang='lat' dir='ltr'>earnis</span> <span class='ocrx_word' id='word_1_65' title='bbox 1162 576 1293 615; x_wconf 87' lang='lat' dir='ltr'>totius</span> <span class='ocrx_word' id='word_1_66' title='bbox 1317 588 1542 630; x_wconf 86' lang='lat' dir='ltr'>apparere.</span> <span class='ocrx_word' id='word_1_67' title='bbox 1596 575 1734 614; x_wconf 90' lang='lat' dir='ltr'>saluto</span> <span class='ocrx_word' id='word_1_68' title='bbox 1758 574 1903 629; x_wconf 89' lang='lat' dir='ltr'>itaque</span> <span class='ocrx_word' id='word_1_69' title='bbox 1926 576 2253 616; x_wconf 76' lang='lat' dir='ltr'>unanimitatem</span> <span class='ocrx_word' id='word_1_70' title='bbox 2279 581 2397 618; x_wconf 88' lang='lat' dir='ltr'>tuam</span> 
     </span>
     <span class='ocr_line' id='line_1_11' title="bbox 213 642 2396 697; baseline 0.005 -20"><span class='ocrx_word' id='word_1_71' title='bbox 213 643 254 678; x_wconf 84' lang='lat' dir='ltr'>et</span> <span class='ocrx_word' id='word_1_72' title='bbox 292 654 413 693; x_wconf 75' lang='lat' dir='ltr'>rogo.</span> <span class='ocrx_word' id='word_1_73' title='bbox 454 645 499 680; x_wconf 91' lang='lat' dir='ltr'>ut</span> <span class='ocrx_word' id='word_1_74' title='bbox 531 655 607 695; x_wconf 88' lang='lat' dir='ltr'>pro</span> <span class='ocrx_word' id='word_1_75' title='bbox 640 656 705 681; x_wconf 91' lang='lat' dir='ltr'>me</span> <span class='ocrx_word' id='word_1_76' title='bbox 739 656 861 682; x_wconf 89' lang='lat' dir='ltr'>orare</span> <span class='ocrx_word' id='word_1_77' title='bbox 895 642 1084 696; x_wconf 86' lang='lat' dir='ltr'>digneris</span> <span class='ocrx_word' id='word_1_78' title='bbox 1118 644 1352 697; x_wconf 70' lang='lat' dir='ltr'>simulque,</span> <span class='ocrx_word' id='word_1_79' title='bbox 1387 657 1482 683; x_wconf 89' lang='lat' dir='ltr'>eum</span> <span class='ocrx_word' id='word_1_80' title='bbox 1517 646 1802 697; x_wconf 89' lang='lat' dir='ltr'>opportunum</span> <span class='ocrx_word' id='word_1_81' title='bbox 1836 644 1961 684; x_wconf 74' lang='lat' dir='ltr'>vobis</span> <span class='ocrx_word' id='word_1_82' title='bbox 1994 644 2143 695; x_wconf 69' lang='lat' dir='ltr'>fuerit,</span> <span class='ocrx_word' id='word_1_83' title='bbox 2177 659 2254 685; x_wconf 88' lang='grc'>1103</span> <span class='ocrx_word' id='word_1_84' title='bbox 2287 647 2396 687; x_wconf 89' lang='lat' dir='ltr'>tanti</span> 
     </span>
    </p>
   </div>
   <div class='ocr_carea' id='block_1_9' title="bbox 212 707 802 752">
    <p class='ocr_par' dir='ltr' id='par_1_9' title="bbox 212 707 802 752">
     <span class='ocr_line' id='line_1_12' title="bbox 212 707 802 752; baseline 0.01 -6"><span class='ocrx_word' id='word_1_85' title='bbox 212 707 410 749; x_wconf 83' lang='lat' dir='ltr'>habeatis</span> <span class='ocrx_word' id='word_1_86' title='bbox 444 710 631 750; x_wconf 67' lang='lat' dir='ltr'>visitare.</span> <span class='ocrx_word' id='word_1_87' title='bbox 694 711 802 752; x_wconf 87' lang='lat' dir='ltr'>vale.</span> 
     </span>
    </p>
   </div>
   <div class='ocr_carea' id='block_1_10' title="bbox 754 893 1845 1037">
    <p class='ocr_par' dir='ltr' id='par_1_10' title="bbox 754 893 1845 1037">
     <span class='ocr_line' id='line_1_13' title="bbox 1218 893 1384 936; baseline 0.018 -3"><span class='ocrx_word' id='word_1_88' title='bbox 1218 893 1384 936; x_wconf 86' lang='lat' dir='ltr'>XXIX.</span> 
     </span>
     <span class='ocr_line' id='line_1_14' title="bbox 754 993 1845 1037; baseline 0.004 -4"><span class='ocrx_word' id='word_1_89' title='bbox 754 993 1035 1034; x_wconf 74' lang='lat' dir='ltr'>RURIOIUS</span> <span class='ocrx_word' id='word_1_90' title='bbox 1068 994 1369 1035; x_wconf 82' lang='lat' dir='ltr'>EUFRASIO</span> <span class='ocrx_word' id='word_1_91' title='bbox 1403 995 1516 1036; x_wconf 81' lang='lat' dir='ltr'>SUO</span> <span class='ocrx_word' id='word_1_92' title='bbox 1551 996 1845 1037; x_wconf 78' lang='lat' dir='ltr'>SALUTEM.</span> 
     </span>
    </p>
   </div>
   <div class='ocr_carea' id='block_1_11' title="bbox 198 1073 2394 1771">
    <p class='ocr_par' dir='ltr' id='par_1_11' title="bbox 198 1073 2394 1771">
     <span class='ocr_line' id='line_1_15' title="bbox 346 1073 2394 1154; baseline 0.004 -23"><span class='ocrx_word' id='word_1_93' title='bbox 346 1073 525 1134; x_wconf 62' lang='lat' dir='ltr'>Miser..</span> <span class='ocrx_word' id='word_1_94' title='bbox 559 1093 832 1133; x_wconf 69' lang='lat' dir='ltr'>sanctitatem</span> <span class='ocrx_word' id='word_1_95' title='bbox 863 1096 1049 1133; x_wconf 78' lang='lat' dir='ltr'>vestram</span> <span class='ocrx_word' id='word_1_96' title='bbox 1082 1097 1180 1148; x_wconf 88' lang='lat' dir='ltr'>post</span> <span class='ocrx_word' id='word_1_97' title='bbox 1212 1097 1429 1135; x_wconf 87' lang='lat' dir='ltr'>tantorum</span> <span class='ocrx_word' id='word_1_98' title='bbox 1463 1098 1506 1135; x_wconf 88' lang='lat' dir='ltr'>et</span> <span class='ocrx_word' id='word_1_99' title='bbox 1535 1095 1685 1135; x_wconf 89' lang='lat' dir='ltr'>talium</span> <span class='ocrx_word' id='word_1_100' title='bbox 1708 1095 1898 1135; x_wconf 83' lang='lat' dir='ltr'>virorum</span> <span class='ocrx_word' id='word_1_101' title='bbox 1922 1095 2080 1136; x_wconf 88' lang='lat' dir='ltr'>iudicia</span> <span class='ocrx_word' id='word_1_102' title='bbox 2102 1098 2243 1152; x_wconf 89' lang='lat' dir='ltr'>potius</span> <span class='ocrx_word' id='word_1_103' title='bbox 2267 1113 2394 1154; x_wconf 88' lang='lat' dir='ltr'>quam</span> 
     </span>
     <span class='ocr_line' id='line_1_16' title="bbox 208 1161 2392 1219; baseline 0.005 -19"><span class='ocrx_word' id='word_1_104' title='bbox 208 1161 414 1215; x_wconf 74' lang='lat' dir='ltr'>rescripta</span> <span class='ocrx_word' id='word_1_105' title='bbox 451 1162 579 1201; x_wconf 91' lang='lat' dir='ltr'>etiam</span> <span class='ocrx_word' id='word_1_106' title='bbox 611 1162 809 1202; x_wconf 73' lang='lat' dir='ltr'>inscitiae</span> <span class='ocrx_word' id='word_1_107' title='bbox 843 1175 964 1202; x_wconf 90' lang='lat' dir='ltr'>meae</span> <span class='ocrx_word' id='word_1_108' title='bbox 998 1163 1218 1217; x_wconf 88' lang='lat' dir='ltr'>quaesisse</span> <span class='ocrx_word' id='word_1_109' title='bbox 1252 1164 1524 1213; x_wconf 75' lang='lat' dir='ltr'>sententiam,</span> <span class='ocrx_word' id='word_1_110' title='bbox 1558 1163 1673 1218; x_wconf 89' lang='lat' dir='ltr'>quod</span> <span class='ocrx_word' id='word_1_111' title='bbox 1694 1178 1769 1204; x_wconf 84' lang='lat' dir='ltr'>vos</span> <span class='ocrx_word' id='word_1_112' title='bbox 1803 1164 1940 1218; x_wconf 84' lang='lat' dir='ltr'>magis</span> <span class='ocrx_word' id='word_1_113' title='bbox 1974 1179 2049 1219; x_wconf 88' lang='lat' dir='ltr'>pro</span> <span class='ocrx_word' id='word_1_114' title='bbox 2074 1168 2392 1210; x_wconf 80' lang='lat' dir='ltr'>necessitudine</span> 
     </span>
     <span class='ocr_line' id='line_1_17' title="bbox 207 1231 2391 1288; baseline 0.005 -21"><span class='ocrx_word' id='word_1_115' title='bbox 207 1243 330 1283; x_wconf 83' lang='lat' dir='ltr'>qnam</span> <span class='ocrx_word' id='word_1_116' title='bbox 367 1231 624 1270; x_wconf 65' lang='lat' dir='ltr'>necessitate</span> <span class='ocrx_word' id='word_1_117' title='bbox 660 1231 816 1271; x_wconf 86' lang='lat' dir='ltr'>fecisse</span> <span class='ocrx_word' id='word_1_118' title='bbox 851 1231 1036 1277; x_wconf 75' lang='grc'>00111010,</span> <span class='ocrx_word' id='word_1_119' title='bbox 1078 1246 1132 1271; x_wconf 88' lang='grc'>110</span> <span class='ocrx_word' id='word_1_120' title='bbox 1166 1231 1287 1272; x_wconf 86' lang='lat' dir='ltr'>cuius</span> <span class='ocrx_word' id='word_1_121' title='bbox 1320 1233 1426 1272; x_wconf 91' lang='lat' dir='ltr'>tanti</span> <span class='ocrx_word' id='word_1_122' title='bbox 1458 1232 1628 1273; x_wconf 87' lang='lat' dir='ltr'>habetis</span> <span class='ocrx_word' id='word_1_123' title='bbox 1662 1233 1942 1288; x_wconf 84' lang='lat' dir='ltr'>praecipuum</span> <span class='ocrx_word' id='word_1_124' title='bbox 1973 1234 2016 1273; x_wconf 89' lang='lat' dir='ltr'>in</span> <span class='ocrx_word' id='word_1_125' title='bbox 2059 1235 2200 1276; x_wconf 88' lang='lat' dir='ltr'>animo</span> <span class='ocrx_word' id='word_1_126' title='bbox 2242 1240 2391 1279; x_wconf 88' lang='lat' dir='ltr'>tenere</span> 
     </span>
     <span class='ocr_line' id='line_1_18' title="bbox 208 1299 2391 1358; baseline 0.005 -21"><span class='ocrx_word' id='word_1_127' title='bbox 208 1299 380 1339; x_wconf 72' lang='lat' dir='ltr'>cultum.</span> <span class='ocrx_word' id='word_1_128' title='bbox 415 1299 665 1340; x_wconf 73' lang='lat' dir='ltr'>videremini</span> <span class='ocrx_word' id='word_1_129' title='bbox 698 1300 739 1339; x_wconf 91' lang='lat' dir='ltr'>in</span> <span class='ocrx_word' id='word_1_130' title='bbox 772 1300 946 1353; x_wconf 84' lang='lat' dir='ltr'>negotio</span> <span class='ocrx_word' id='word_1_131' title='bbox 978 1301 1320 1355; x_wconf 76' lang='lat' dir='ltr'>praetermisisse</span> <span class='ocrx_word' id='word_1_132' title='bbox 1353 1315 1626 1343; x_wconf 87' lang='lat' dir='ltr'>consensum.</span> <span class='ocrx_word' id='word_1_133' title='bbox 1687 1301 1801 1342; x_wconf 88' lang='lat' dir='ltr'>unde</span> <span class='ocrx_word' id='word_1_134' title='bbox 1833 1302 1996 1356; x_wconf 85' lang='lat' dir='ltr'>gratias</span> <span class='ocrx_word' id='word_1_135' title='bbox 2031 1318 2112 1358; x_wconf 88' lang='lat' dir='ltr'>ago</span> <span class='ocrx_word' id='word_1_136' title='bbox 2145 1305 2391 1348; x_wconf 89' lang='lat' dir='ltr'>individuae</span> 
     </span>
     <span class='ocr_line' id='line_1_19' title="bbox 205 1367 2390 1424; baseline 0.005 -19"><span class='ocrx_word' id='word_1_137' title='bbox 205 1367 305 1407; x_wconf 80' lang='lat' dir='ltr'>milii</span> <span class='ocrx_word' id='word_1_138' title='bbox 357 1368 396 1407; x_wconf 91' lang='lat' dir='ltr'>in</span> <span class='ocrx_word' id='word_1_139' title='bbox 444 1367 615 1408; x_wconf 73' lang='lat' dir='ltr'>Christo</span> <span class='ocrx_word' id='word_1_140' title='bbox 670 1369 945 1422; x_wconf 73' lang='lat' dir='ltr'>germanitati</span> <span class='ocrx_word' id='word_1_141' title='bbox 991 1373 1183 1419; x_wconf 69' lang='lat' dir='ltr'>vestrae,</span> <span class='ocrx_word' id='word_1_142' title='bbox 1240 1369 1353 1424; x_wconf 91' lang='lat' dir='ltr'>quod</span> <span class='ocrx_word' id='word_1_143' title='bbox 1400 1370 1460 1410; x_wconf 91' lang='lat' dir='ltr'>ita</span> <span class='ocrx_word' id='word_1_144' title='bbox 1509 1370 1561 1411; x_wconf 89' lang='lat' dir='ltr'>de</span> <span class='ocrx_word' id='word_1_145' title='bbox 1611 1370 1733 1411; x_wconf 87' lang='lat' dir='ltr'>nobis</span> <span class='ocrx_word' id='word_1_146' title='bbox 1780 1384 2058 1424; x_wconf 86' lang='lat' dir='ltr'>praesumere</span> <span class='ocrx_word' id='word_1_147' title='bbox 2107 1377 2149 1414; x_wconf 92' lang='lat' dir='ltr'>et</span> <span class='ocrx_word' id='word_1_148' title='bbox 2200 1373 2390 1416; x_wconf 84' lang='lat' dir='ltr'>iudicare</span> 
     </span>
     <span class='ocr_line' id='line_1_20' title="bbox 205 1435 2388 1494; baseline 0.005 -20"><span class='ocrx_word' id='word_1_149' title='bbox 205 1435 457 1486; x_wconf 73' lang='lat' dir='ltr'>dignamini.</span> <span class='ocrx_word' id='word_1_150' title='bbox 501 1442 546 1477; x_wconf 90' lang='lat' dir='ltr'>ut</span> <span class='ocrx_word' id='word_1_151' title='bbox 586 1437 690 1477; x_wconf 81' lang='lat' dir='ltr'>nihil</span> <span class='ocrx_word' id='word_1_152' title='bbox 731 1437 967 1478; x_wconf 80' lang='lat' dir='ltr'>habeamus</span> <span class='ocrx_word' id='word_1_153' title='bbox 1006 1442 1079 1478; x_wconf 90' lang='lat' dir='ltr'>aut</span> <span class='ocrx_word' id='word_1_154' title='bbox 1121 1438 1163 1478; x_wconf 90' lang='lat' dir='ltr'>in</span> <span class='ocrx_word' id='word_1_155' title='bbox 1206 1439 1395 1479; x_wconf 86' lang='lat' dir='ltr'>caritatis</span> <span class='ocrx_word' id='word_1_156' title='bbox 1437 1439 1711 1494; x_wconf 77' lang='lat' dir='ltr'>simplicitate</span> <span class='ocrx_word' id='word_1_157' title='bbox 1754 1439 1981 1480; x_wconf 84' lang='lat' dir='ltr'>subdolum</span> <span class='ocrx_word' id='word_1_158' title='bbox 2013 1446 2086 1482; x_wconf 86' lang='lat' dir='ltr'>aut</span> <span class='ocrx_word' id='word_1_159' title='bbox 2118 1442 2159 1482; x_wconf 92' lang='lat' dir='ltr'>in</span> <span class='ocrx_word' id='word_1_160' title='bbox 2193 1443 2388 1484; x_wconf 81' lang='lat' dir='ltr'>veritatis</span> 
     </span>
     <span class='ocr_line' id='line_1_21' title="bbox 203 1506 2390 1566; baseline 0.005 -23"><span class='ocrx_word' id='word_1_161' title='bbox 203 1506 388 1558; x_wconf 87' lang='lat' dir='ltr'>puritate</span> <span class='ocrx_word' id='word_1_162' title='bbox 422 1506 624 1548; x_wconf 80' lang='lat' dir='ltr'>fucatum.</span> <span class='ocrx_word' id='word_1_163' title='bbox 687 1506 818 1547; x_wconf 89' lang='lat' dir='ltr'>reddo</span> <span class='ocrx_word' id='word_1_164' title='bbox 858 1507 1003 1561; x_wconf 87' lang='lat' dir='ltr'>itaque</span> <span class='ocrx_word' id='word_1_165' title='bbox 1046 1507 1238 1548; x_wconf 89' lang='lat' dir='ltr'>debitum</span> <span class='ocrx_word' id='word_1_166' title='bbox 1277 1508 1572 1548; x_wconf 84' lang='lat' dir='ltr'>unanimitatis</span> <span class='ocrx_word' id='word_1_167' title='bbox 1617 1508 1802 1548; x_wconf 88' lang='lat' dir='ltr'>officium</span> <span class='ocrx_word' id='word_1_168' title='bbox 1836 1513 1878 1549; x_wconf 89' lang='lat' dir='ltr'>et</span> <span class='ocrx_word' id='word_1_169' title='bbox 1919 1509 1970 1550; x_wconf 90' lang='lat' dir='ltr'>de</span> <span class='ocrx_word' id='word_1_170' title='bbox 2003 1524 2132 1551; x_wconf 86' lang='lat' dir='ltr'>causa</span> <span class='ocrx_word' id='word_1_171' title='bbox 2175 1526 2257 1566; x_wconf 91' lang='lat' dir='ltr'>qua</span> <span class='ocrx_word' id='word_1_172' title='bbox 2287 1513 2390 1553; x_wconf 88' lang='lat' dir='ltr'>mihi</span> 
     </span>
     <span class='ocr_line' id='line_1_22' title="bbox 205 1574 2390 1635; baseline 0.004 -21"><span class='ocrx_word' id='word_1_173' title='bbox 205 1574 388 1615; x_wconf 74' lang='lat' dir='ltr'>seribere</span> <span class='ocrx_word' id='word_1_174' title='bbox 431 1575 593 1629; x_wconf 84' lang='lat' dir='ltr'>dignati</span> <span class='ocrx_word' id='word_1_175' title='bbox 634 1576 737 1616; x_wconf 87' lang='lat' dir='ltr'>estis</span> <span class='ocrx_word' id='word_1_176' title='bbox 778 1575 891 1616; x_wconf 87' lang='lat' dir='ltr'>idem</span> <span class='ocrx_word' id='word_1_177' title='bbox 932 1590 1000 1616; x_wconf 89' lang='lat' dir='ltr'>me</span> <span class='ocrx_word' id='word_1_178' title='bbox 1041 1576 1155 1631; x_wconf 86' lang='lat' dir='ltr'>quod</span> <span class='ocrx_word' id='word_1_179' title='bbox 1194 1581 1237 1617; x_wconf 88' lang='lat' dir='ltr'>et</span> <span class='ocrx_word' id='word_1_180' title='bbox 1278 1577 1431 1617; x_wconf 84' lang='lat' dir='ltr'>fratres</span> <span class='ocrx_word' id='word_1_181' title='bbox 1476 1581 1646 1617; x_wconf 86' lang='lat' dir='ltr'>nostros</span> <span class='ocrx_word' id='word_1_182' title='bbox 1689 1579 1847 1618; x_wconf 85' lang='lat' dir='ltr'>sentire</span> <span class='ocrx_word' id='word_1_183' title='bbox 1890 1578 2098 1632; x_wconf 71' lang='lat' dir='ltr'>significo</span> <span class='ocrx_word' id='word_1_184' title='bbox 2167 1580 2241 1621; x_wconf 88' lang='lat' dir='ltr'>sed</span> <span class='ocrx_word' id='word_1_185' title='bbox 2288 1582 2390 1635; x_wconf 88' lang='lat' dir='ltr'>quid</span> 
     </span>
     <span class='ocr_line' id='line_1_23' title="bbox 199 1644 2388 1702; baseline 0.005 -20"><span class='ocrx_word' id='word_1_186' title='bbox 199 1644 311 1683; x_wconf 78' lang='lat' dir='ltr'>facto</span> <span class='ocrx_word' id='word_1_187' title='bbox 346 1658 450 1698; x_wconf 81' lang='lat' dir='ltr'>opus</span> <span class='ocrx_word' id='word_1_188' title='bbox 485 1645 538 1684; x_wconf 85' lang='lat' dir='ltr'>sit</span> <span class='ocrx_word' id='word_1_189' title='bbox 572 1645 638 1684; x_wconf 78' lang='lat' dir='ltr'>vel</span> <span class='ocrx_word' id='word_1_190' title='bbox 672 1645 772 1698; x_wconf 90' lang='lat' dir='ltr'>quid</span> <span class='ocrx_word' id='word_1_191' title='bbox 807 1645 909 1685; x_wconf 85' lang='lat' dir='ltr'>mihi</span> <span class='ocrx_word' id='word_1_192' title='bbox 942 1646 1211 1700; x_wconf 88' lang='lat' dir='ltr'>potissimum</span> <span class='ocrx_word' id='word_1_193' title='bbox 1244 1646 1335 1685; x_wconf 91' lang='lat' dir='ltr'>fieri</span> <span class='ocrx_word' id='word_1_194' title='bbox 1378 1645 1538 1686; x_wconf 85' lang='lat' dir='ltr'>debere</span> <span class='ocrx_word' id='word_1_195' title='bbox 1572 1646 1781 1695; x_wconf 71' lang='lat' dir='ltr'>videatur,</span> <span class='ocrx_word' id='word_1_196' title='bbox 1825 1662 1902 1702; x_wconf 89' lang='lat' dir='ltr'>per</span> <span class='ocrx_word' id='word_1_197' title='bbox 1943 1647 2165 1689; x_wconf 78' lang='lat' dir='ltr'>diaconem</span> <span class='ocrx_word' id='word_1_198' title='bbox 2200 1655 2388 1692; x_wconf 78' lang='lat' dir='ltr'>vestrum</span> 
     </span>
     <span class='ocr_line' id='line_1_24' title="bbox 198 1713 2021 1771; baseline 0.004 -20"><span class='ocrx_word' id='word_1_199' title='bbox 198 1713 329 1753; x_wconf 78' lang='lat' dir='ltr'>verbo</span> <span class='ocrx_word' id='word_1_200' title='bbox 362 1713 547 1753; x_wconf 78' lang='lat' dir='ltr'>fideliter</span> <span class='ocrx_word' id='word_1_201' title='bbox 580 1714 785 1760; x_wconf 63' lang='lat' dir='ltr'>intimavi„</span> <span class='ocrx_word' id='word_1_202' title='bbox 820 1728 929 1768; x_wconf 86' lang='lat' dir='ltr'>quae</span> <span class='ocrx_word' id='word_1_203' title='bbox 963 1715 1137 1768; x_wconf 86' lang='lat' dir='ltr'>longum</span> <span class='ocrx_word' id='word_1_204' title='bbox 1171 1714 1251 1755; x_wconf 83' lang='lat' dir='ltr'>fuit</span> <span class='ocrx_word' id='word_1_205' title='bbox 1282 1715 1439 1755; x_wconf 83' lang='lat' dir='ltr'>litteris</span> <span class='ocrx_word' id='word_1_206' title='bbox 1472 1715 1663 1756; x_wconf 87' lang='lat' dir='ltr'>indicari.</span> <span class='ocrx_word' id='word_1_207' title='bbox 1726 1730 1799 1756; x_wconf 85' lang='lat' dir='ltr'>ora</span> <span class='ocrx_word' id='word_1_208' title='bbox 1833 1731 1906 1771; x_wconf 91' lang='lat' dir='ltr'>pro</span> <span class='ocrx_word' id='word_1_209' title='bbox 1939 1732 2021 1759; x_wconf 67' lang='lat' dir='ltr'>me„</span> 
     </span>
    </p>
   </div>
   <div class='ocr_carea' id='block_1_12' title="bbox 691 1960 1882 2105">
    <p class='ocr_par' dir='ltr' id='par_1_12' title="bbox 691 1960 1882 2105">
     <span class='ocr_line' id='line_1_25' title="bbox 1218 1960 1363 2003; baseline 0.021 -3"><span class='ocrx_word' id='word_1_210' title='bbox 1218 1960 1363 2003; x_wconf 87' lang='lat' dir='ltr'>XXX.</span> 
     </span>
     <span class='ocr_line' id='line_1_26' title="bbox 691 2060 1882 2105; baseline 0.003 -5"><span class='ocrx_word' id='word_1_211' title='bbox 691 2060 978 2102; x_wconf 83' lang='lat' dir='ltr'>RURIOIUS</span> <span class='ocrx_word' id='word_1_212' title='bbox 1013 2062 1405 2104; x_wconf 79' lang='lat' dir='ltr'><strong>HERAOLIANO</strong></span> <span class='ocrx_word' id='word_1_213' title='bbox 1441 2062 1553 2104; x_wconf 79' lang='lat' dir='ltr'>SUO</span> <span class='ocrx_word' id='word_1_214' title='bbox 1589 2062 1882 2105; x_wconf 83' lang='lat' dir='ltr'><strong>SALUTEM.</strong></span> 
     </span>
    </p>
   </div>
   <div class='ocr_carea' id='block_1_13' title="bbox 190 2136 2384 2700">
    <p class='ocr_par' dir='ltr' id='par_1_13' title="bbox 190 2136 2384 2700">
     <span class='ocr_line' id='line_1_27' title="bbox 335 2136 2384 2216; baseline 0.002 -17"><span class='ocrx_word' id='word_1_215' title='bbox 335 2136 431 2208; x_wconf 59' lang='lat' dir='ltr'>Qu</span> <span class='ocrx_word' id='word_1_216' title='bbox 474 2173 518 2198; x_wconf 89' lang='lat' dir='ltr'>se</span> <span class='ocrx_word' id='word_1_217' title='bbox 564 2172 682 2198; x_wconf 90' lang='lat' dir='ltr'>reum</span> <span class='ocrx_word' id='word_1_218' title='bbox 723 2158 775 2198; x_wconf 89' lang='lat' dir='ltr'>de</span> <span class='ocrx_word' id='word_1_219' title='bbox 816 2159 956 2200; x_wconf 88' lang='lat' dir='ltr'>officio</span> <span class='ocrx_word' id='word_1_220' title='bbox 999 2174 1096 2201; x_wconf 84' lang='lat' dir='ltr'>esse</span> <span class='ocrx_word' id='word_1_221' title='bbox 1137 2161 1380 2215; x_wconf 62' lang='lat' dir='ltr'>cognoscit„</span> <span class='ocrx_word' id='word_1_222' title='bbox 1430 2161 1549 2216; x_wconf 91' lang='lat' dir='ltr'>prius</span> <span class='ocrx_word' id='word_1_223' title='bbox 1589 2161 1833 2216; x_wconf 88' lang='lat' dir='ltr'>supplicare</span> <span class='ocrx_word' id='word_1_224' title='bbox 1878 2160 2009 2201; x_wconf 89' lang='lat' dir='ltr'>debet</span> <span class='ocrx_word' id='word_1_225' title='bbox 2056 2174 2182 2215; x_wconf 91' lang='lat' dir='ltr'>quam</span> <span class='ocrx_word' id='word_1_226' title='bbox 2226 2162 2384 2204; x_wconf 85' lang='lat' dir='ltr'>audeat</span> 
     </span>
     <span class='ocr_line' id='line_1_28' title="bbox 194 2226 2383 2286; baseline 0.004 -22"><span class='ocrx_word' id='word_1_227' title='bbox 194 2226 395 2267; x_wconf 71' lang='lat' dir='ltr'>salutare.</span> <span class='ocrx_word' id='word_1_228' title='bbox 429 2227 529 2280; x_wconf 88' lang='lat' dir='ltr'>quia</span> <span class='ocrx_word' id='word_1_229' title='bbox 561 2227 672 2267; x_wconf 86' lang='lat' dir='ltr'>sicut</span> <span class='ocrx_word' id='word_1_230' title='bbox 704 2228 948 2283; x_wconf 87' lang='lat' dir='ltr'>importune</span> <span class='ocrx_word' id='word_1_231' title='bbox 981 2230 1217 2271; x_wconf 88' lang='lat' dir='ltr'>occurritur</span> <span class='ocrx_word' id='word_1_232' title='bbox 1247 2230 1493 2286; x_wconf 77' lang='lat' dir='ltr'>imputanti,</span> <span class='ocrx_word' id='word_1_233' title='bbox 1524 2231 1585 2270; x_wconf 85' lang='lat' dir='ltr'>ita</span> <span class='ocrx_word' id='word_1_234' title='bbox 1617 2234 1859 2285; x_wconf 84' lang='lat' dir='ltr'>opportune</span> <span class='ocrx_word' id='word_1_235' title='bbox 1894 2230 2126 2270; x_wconf 84' lang='lat' dir='ltr'>remittitur</span> <span class='ocrx_word' id='word_1_236' title='bbox 2149 2231 2383 2274; x_wconf 86' lang='lat' dir='ltr'>confitenti.</span> 
     </span>
     <span class='ocr_line' id='line_1_29' title="bbox 192 2295 2383 2354; baseline 0.004 -21"><span class='ocrx_word' id='word_1_237' title='bbox 192 2300 234 2333; x_wconf 81' lang='lat' dir='ltr'>et</span> <span class='ocrx_word' id='word_1_238' title='bbox 269 2295 361 2335; x_wconf 86' lang='lat' dir='ltr'>ideo</span> <span class='ocrx_word' id='word_1_239' title='bbox 394 2310 471 2335; x_wconf 89' lang='lat' dir='ltr'>nos</span> <span class='ocrx_word' id='word_1_240' title='bbox 506 2301 696 2336; x_wconf 86' lang='lat' dir='ltr'>nostram</span> <span class='ocrx_word' id='word_1_241' title='bbox 729 2297 772 2337; x_wconf 89' lang='lat' dir='ltr'>in</span> <span class='ocrx_word' id='word_1_242' title='bbox 805 2298 945 2353; x_wconf 88' lang='lat' dir='ltr'>palam</span> <span class='ocrx_word' id='word_1_243' title='bbox 978 2299 1255 2354; x_wconf 85' lang='lat' dir='ltr'>producimus</span> <span class='ocrx_word' id='word_1_244' title='bbox 1287 2314 1467 2351; x_wconf 69' lang='lat' dir='ltr'>noxam,</span> <span class='ocrx_word' id='word_1_245' title='bbox 1509 2303 1555 2340; x_wconf 90' lang='lat' dir='ltr'>ut</span> <span class='ocrx_word' id='word_1_246' title='bbox 1596 2299 1767 2339; x_wconf 85' lang='lat' dir='ltr'>facilius</span> <span class='ocrx_word' id='word_1_247' title='bbox 1806 2298 2033 2354; x_wconf 87' lang='lat' dir='ltr'>pervenire</span> <span class='ocrx_word' id='word_1_248' title='bbox 2073 2300 2289 2353; x_wconf 88' lang='lat' dir='ltr'>possimus</span> <span class='ocrx_word' id='word_1_249' title='bbox 2328 2300 2383 2341; x_wconf 90' lang='lat' dir='ltr'>ad</span> 
     </span>
     <span class='ocr_line' id='line_1_30' title="bbox 190 2364 2382 2423; baseline 0.004 -21"><span class='ocrx_word' id='word_1_250' title='bbox 190 2364 372 2404; x_wconf 64' lang='lat' dir='ltr'>veniam.</span> <span class='ocrx_word' id='word_1_251' title='bbox 406 2365 506 2419; x_wconf 87' lang='lat' dir='ltr'>quia</span> <span class='ocrx_word' id='word_1_252' title='bbox 538 2379 621 2405; x_wconf 88' lang='lat' dir='ltr'>non</span> <span class='ocrx_word' id='word_1_253' title='bbox 654 2366 909 2420; x_wconf 87' lang='lat' dir='ltr'>relinquitur</span> <span class='ocrx_word' id='word_1_254' title='bbox 939 2368 1057 2408; x_wconf 89' lang='lat' dir='ltr'>loeus</span> <span class='ocrx_word' id='word_1_255' title='bbox 1081 2368 1323 2423; x_wconf 73' lang='lat' dir='ltr'>imputanti,</span> <span class='ocrx_word' id='word_1_256' title='bbox 1358 2383 1453 2408; x_wconf 89' lang='lat' dir='ltr'>cum</span> <span class='ocrx_word' id='word_1_257' title='bbox 1477 2368 1618 2409; x_wconf 89' lang='lat' dir='ltr'>aditus</span> <span class='ocrx_word' id='word_1_258' title='bbox 1641 2368 1830 2423; x_wconf 90' lang='lat' dir='ltr'>patuerit</span> <span class='ocrx_word' id='word_1_259' title='bbox 1853 2367 2111 2422; x_wconf 72' lang='lat' dir='ltr'>deploranti,</span> <span class='ocrx_word' id='word_1_260' title='bbox 2145 2369 2382 2410; x_wconf 91' lang='lat' dir='ltr'>secundum</span> 
     </span>
     <span class='ocr_line' id='line_1_31' title="bbox 190 2432 2382 2492; baseline 0.003 -20"><span class='ocrx_word' id='word_1_261' title='bbox 190 2432 304 2473; x_wconf 90' lang='lat' dir='ltr'>illam</span> <span class='ocrx_word' id='word_1_262' title='bbox 349 2434 630 2474; x_wconf 82' lang='lat' dir='ltr'>sententiam:</span> <span class='ocrx_word' id='word_1_263' title='bbox 677 2433 742 2474; x_wconf 89' lang='lat' dir='ltr'>die</span> <span class='ocrx_word' id='word_1_264' title='bbox 780 2438 825 2474; x_wconf 87' lang='lat' dir='ltr'>tu</span> <span class='ocrx_word' id='word_1_265' title='bbox 857 2436 974 2490; x_wconf 89' lang='lat' dir='ltr'>prior</span> <span class='ocrx_word' id='word_1_266' title='bbox 1005 2437 1256 2491; x_wconf 89' lang='lat' dir='ltr'>iniquitates</span> <span class='ocrx_word' id='word_1_267' title='bbox 1288 2441 1408 2489; x_wconf 65' lang='lat' dir='ltr'>tuas,</span> <span class='ocrx_word' id='word_1_268' title='bbox 1446 2441 1493 2477; x_wconf 88' lang='lat' dir='ltr'>ut</span> <span class='ocrx_word' id='word_1_269' title='bbox 1524 2437 1785 2478; x_wconf 86' lang='lat' dir='ltr'>iustificeris.</span> <span class='ocrx_word' id='word_1_270' title='bbox 1848 2450 1933 2477; x_wconf 94' lang='lat' dir='ltr'>non</span> <span class='ocrx_word' id='word_1_271' title='bbox 1966 2436 2079 2477; x_wconf 87' lang='lat' dir='ltr'>enim</span> <span class='ocrx_word' id='word_1_272' title='bbox 2112 2438 2382 2492; x_wconf 86' lang='lat' dir='ltr'>praevalebit</span> 
     </span>
     <span class='ocr_line' id='line_1_32' title="bbox 191 2502 2379 2562; baseline 0.004 -22"><span class='ocrx_word' id='word_1_273' title='bbox 191 2503 431 2541; x_wconf 77' lang='lat' dir='ltr'>accusantis</span> <span class='ocrx_word' id='word_1_274' title='bbox 465 2502 641 2547; x_wconf 69' lang='lat' dir='ltr'>invidia,</span> <span class='ocrx_word' id='word_1_275' title='bbox 674 2503 747 2543; x_wconf 88' lang='lat' dir='ltr'>ubi</span> <span class='ocrx_word' id='word_1_276' title='bbox 779 2503 999 2545; x_wconf 87' lang='lat' dir='ltr'>humilitas</span> <span class='ocrx_word' id='word_1_277' title='bbox 1031 2507 1318 2561; x_wconf 86' lang='lat' dir='ltr'>praecesserit</span> <span class='ocrx_word' id='word_1_278' title='bbox 1356 2507 1653 2562; x_wconf 88' lang='lat' dir='ltr'>supplicantis.</span> <span class='ocrx_word' id='word_1_279' title='bbox 1722 2521 1846 2562; x_wconf 91' lang='lat' dir='ltr'>quam</span> <span class='ocrx_word' id='word_1_280' title='bbox 1888 2506 1941 2546; x_wconf 87' lang='grc'>011</span> <span class='ocrx_word' id='word_1_281' title='bbox 1976 2520 2065 2547; x_wconf 85' lang='grc'>10111</span> <span class='ocrx_word' id='word_1_282' title='bbox 2096 2520 2194 2557; x_wconf 92' lang='grc'>1103,</span> <span class='ocrx_word' id='word_1_283' title='bbox 2229 2507 2264 2547; x_wconf 90' lang='lat' dir='ltr'>si</span> <span class='ocrx_word' id='word_1_284' title='bbox 2295 2508 2379 2548; x_wconf 90' lang='lat' dir='ltr'>iam</span> 
     </span>
     <span class='ocr_line' id='line_1_33' title="bbox 191 2570 2379 2629; baseline 0.004 -22"><span class='ocrx_word' id='word_1_285' title='bbox 191 2570 437 2610; x_wconf 71' lang='lat' dir='ltr'>excusando</span> <span class='ocrx_word' id='word_1_286' title='bbox 486 2571 690 2611; x_wconf 89' lang='lat' dir='ltr'>diluimus</span> <span class='ocrx_word' id='word_1_287' title='bbox 738 2573 929 2627; x_wconf 69' lang='lat' dir='ltr'>culpam,</span> <span class='ocrx_word' id='word_1_288' title='bbox 978 2575 1199 2615; x_wconf 86' lang='lat' dir='ltr'>veniamus</span> <span class='ocrx_word' id='word_1_289' title='bbox 1247 2575 1299 2615; x_wconf 90' lang='lat' dir='ltr'>ad</span> <span class='ocrx_word' id='word_1_290' title='bbox 1348 2589 1536 2617; x_wconf 89' lang='lat' dir='ltr'>causam.</span> <span class='ocrx_word' id='word_1_291' title='bbox 1608 2576 1791 2616; x_wconf 89' lang='lat' dir='ltr'>salutem</span> <span class='ocrx_word' id='word_1_292' title='bbox 1839 2589 1940 2629; x_wconf 90' lang='lat' dir='ltr'>ergo</span> <span class='ocrx_word' id='word_1_293' title='bbox 1988 2578 2151 2615; x_wconf 85' lang='lat' dir='ltr'>tantam</span> <span class='ocrx_word' id='word_1_294' title='bbox 2199 2575 2379 2617; x_wconf 85' lang='lat' dir='ltr'>dicimus</span> 
     </span>
     <span class='ocr_line' id='line_1_34' title="bbox 190 2638 2377 2700; baseline 0.005 -25"><span class='ocrx_word' id='word_1_295' title='bbox 190 2638 337 2691; x_wconf 61' lang='lat' dir='ltr'>[aetati</span> <span class='ocrx_word' id='word_1_296' title='bbox 379 2644 573 2681; x_wconf 68' lang='lat' dir='ltr'>vestrae.</span> <span class='ocrx_word' id='word_1_297' title='bbox 624 2646 825 2694; x_wconf 88' lang='lat' dir='ltr'>quantam</span> <span class='ocrx_word' id='word_1_298' title='bbox 871 2646 1015 2696; x_wconf 87' lang='lat' dir='ltr'>potest</span> <span class='ocrx_word' id='word_1_299' title='bbox 1062 2644 1243 2684; x_wconf 78' lang='lat' dir='ltr'>affectus</span> <span class='ocrx_word' id='word_1_300' title='bbox 1290 2644 1542 2699; x_wconf 81' lang='lat' dir='ltr'>intellegere</span> <span class='ocrx_word' id='word_1_301' title='bbox 1589 2649 1632 2686; x_wconf 90' lang='lat' dir='ltr'>et</span> <span class='ocrx_word' id='word_1_302' title='bbox 1674 2659 1759 2685; x_wconf 92' lang='lat' dir='ltr'>non</span> <span class='ocrx_word' id='word_1_303' title='bbox 1798 2648 1942 2699; x_wconf 88' lang='lat' dir='ltr'>potest</span> <span class='ocrx_word' id='word_1_304' title='bbox 1983 2658 2123 2685; x_wconf 85' lang='lat' dir='ltr'>sermo</span> <span class='ocrx_word' id='word_1_305' title='bbox 2170 2645 2377 2700; x_wconf 70' lang='lat' dir='ltr'>proferre,</span> 
     </span>
    </p>
   </div>
   <div class='ocr_carea' id='block_1_14' title="bbox 189 2709 2428 2768">
    <p class='ocr_par' dir='ltr' id='par_1_14' title="bbox 189 2709 2428 2768">
     <span class='ocr_line' id='line_1_35' title="bbox 189 2709 2428 2768; baseline 0.004 -23"><span class='ocrx_word' id='word_1_306' title='bbox 189 2711 389 2759; x_wconf 81' lang='lat' dir='ltr'>quantam</span> <span class='ocrx_word' id='word_1_307' title='bbox 438 2709 595 2749; x_wconf 85' lang='lat' dir='ltr'>sentire</span> <span class='ocrx_word' id='word_1_308' title='bbox 649 2724 877 2764; x_wconf 82' lang='lat' dir='ltr'>possumus</span> <span class='ocrx_word' id='word_1_309' title='bbox 932 2717 975 2753; x_wconf 88' lang='lat' dir='ltr'>et</span> <span class='ocrx_word' id='word_1_310' title='bbox 1026 2726 1109 2752; x_wconf 88' lang='lat' dir='ltr'>non</span> <span class='ocrx_word' id='word_1_311' title='bbox 1166 2714 1362 2754; x_wconf 86' lang='lat' dir='ltr'>valemus</span> <span class='ocrx_word' id='word_1_312' title='bbox 1416 2728 1653 2768; x_wconf 76' lang='lat' dir='ltr'>exponere,</span> <span class='ocrx_word' id='word_1_313' title='bbox 1711 2717 1914 2768; x_wconf 87' lang='lat' dir='ltr'>quantam</span> <span class='ocrx_word' id='word_1_314' title='bbox 1968 2716 2113 2768; x_wconf 89' lang='lat' dir='ltr'>potest</span> <span class='ocrx_word' id='word_1_315' title='bbox 2158 2713 2376 2755; x_wconf 86' lang='lat' dir='ltr'>interioris</span> <span class='ocrx_word' id='word_1_316' title='bbox 2415 2736 2428 2747; x_wconf 84' lang='lat'>-·</span> 
     </span>
    </p>
   </div>
   <div class='ocr_carea' id='block_1_15' title="bbox 186 2775 2377 3251">
    <p class='ocr_par' dir='ltr' id='par_1_15' title="bbox 186 2775 2377 3251">
     <span class='ocr_line' id='line_1_36' title="bbox 189 2775 2377 2837; baseline 0.005 -24"><span class='ocrx_word' id='word_1_317' title='bbox 189 2789 308 2815; x_wconf 83' lang='lat' dir='ltr'>mens</span> <span class='ocrx_word' id='word_1_318' title='bbox 351 2775 566 2817; x_wconf 83' lang='lat' dir='ltr'>desiderio</span> <span class='ocrx_word' id='word_1_319' title='bbox 607 2778 817 2820; x_wconf 83' lang='lat' dir='ltr'>calefacta</span> <span class='ocrx_word' id='word_1_320' title='bbox 859 2781 1083 2835; x_wconf 87' lang='lat' dir='ltr'>concipere</span> <span class='ocrx_word' id='word_1_321' title='bbox 1124 2786 1167 2821; x_wconf 87' lang='lat' dir='ltr'>et</span> <span class='ocrx_word' id='word_1_322' title='bbox 1204 2796 1289 2822; x_wconf 91' lang='lat' dir='ltr'>non</span> <span class='ocrx_word' id='word_1_323' title='bbox 1329 2786 1473 2837; x_wconf 87' lang='lat' dir='ltr'>potest</span> <span class='ocrx_word' id='word_1_324' title='bbox 1518 2783 1666 2836; x_wconf 89' lang='lat' dir='ltr'>lingua</span> <span class='ocrx_word' id='word_1_325' title='bbox 1712 2781 1938 2822; x_wconf 84' lang='lat' dir='ltr'>exterioris</span> <span class='ocrx_word' id='word_1_326' title='bbox 1987 2794 2196 2822; x_wconf 87' lang='lat' dir='ltr'>asserere.</span> <span class='ocrx_word' id='word_1_327' title='bbox 2263 2781 2377 2823; x_wconf 90' lang='lat' dir='ltr'>unde</span> 
     </span>
     <span class='ocr_line' id='line_1_37' title="bbox 189 2845 2373 2905; baseline 0.004 -23"><span class='ocrx_word' id='word_1_328' title='bbox 189 2845 348 2895; x_wconf 76' lang='lat' dir='ltr'>gratias</span> <span class='ocrx_word' id='word_1_329' title='bbox 381 2854 562 2899; x_wconf 80' lang='lat' dir='ltr'>agentes</span> <span class='ocrx_word' id='word_1_330' title='bbox 594 2847 726 2901; x_wconf 85' lang='lat' dir='ltr'>ipsius</span> <span class='ocrx_word' id='word_1_331' title='bbox 760 2849 950 2889; x_wconf 89' lang='lat' dir='ltr'>caritatis</span> <span class='ocrx_word' id='word_1_332' title='bbox 983 2850 1166 2898; x_wconf 71' lang='lat' dir='ltr'>auctori,</span> <span class='ocrx_word' id='word_1_333' title='bbox 1208 2851 1279 2905; x_wconf 90' lang='lat' dir='ltr'>qui</span> <span class='ocrx_word' id='word_1_334' title='bbox 1318 2865 1412 2891; x_wconf 89' lang='lat' dir='ltr'>eam</span> <span class='ocrx_word' id='word_1_335' title='bbox 1451 2851 1494 2891; x_wconf 92' lang='lat' dir='ltr'>in</span> <span class='ocrx_word' id='word_1_336' title='bbox 1534 2851 1736 2892; x_wconf 88' lang='lat' dir='ltr'>cordibus</span> <span class='ocrx_word' id='word_1_337' title='bbox 1774 2850 1931 2891; x_wconf 90' lang='lat' dir='ltr'>nostris</span> <span class='ocrx_word' id='word_1_338' title='bbox 1977 2854 2043 2890; x_wconf 88' lang='lat' dir='ltr'>est</span> <span class='ocrx_word' id='word_1_339' title='bbox 2075 2849 2275 2904; x_wconf 87' lang='lat' dir='ltr'>dignatus</span> <span class='ocrx_word' id='word_1_340' title='bbox 2308 2851 2373 2891; x_wconf 89' lang='lat' dir='ltr'>in-</span> 
     </span>
     <span class='ocr_line' id='line_1_38' title="bbox 189 2918 2375 2974; baseline 0.005 -23"><span class='ocrx_word' id='word_1_341' title='bbox 189 2927 353 2952; x_wconf 80' lang='lat' dir='ltr'>serere.</span> <span class='ocrx_word' id='word_1_342' title='bbox 395 2928 583 2955; x_wconf 81' lang='lat' dir='ltr'>oremus.</span> <span class='ocrx_word' id='word_1_343' title='bbox 629 2920 672 2956; x_wconf 88' lang='lat' dir='ltr'>ut</span> <span class='ocrx_word' id='word_1_344' title='bbox 714 2918 994 2973; x_wconf 88' lang='lat' dir='ltr'>praecipuum</span> <span class='ocrx_word' id='word_1_345' title='bbox 1036 2933 1138 2959; x_wconf 88' lang='lat' dir='ltr'>suae</span> <span class='ocrx_word' id='word_1_346' title='bbox 1177 2919 1390 2973; x_wconf 87' lang='lat' dir='ltr'>largitatis</span> <span class='ocrx_word' id='word_1_347' title='bbox 1429 2934 1584 2961; x_wconf 90' lang='lat' dir='ltr'>munus</span> <span class='ocrx_word' id='word_1_348' title='bbox 1626 2921 1669 2961; x_wconf 90' lang='lat' dir='ltr'>in</span> <span class='ocrx_word' id='word_1_349' title='bbox 1707 2920 1827 2960; x_wconf 85' lang='lat' dir='ltr'>nobis</span> <span class='ocrx_word' id='word_1_350' title='bbox 1867 2919 2083 2959; x_wconf 88' lang='lat' dir='ltr'>custodire</span> <span class='ocrx_word' id='word_1_351' title='bbox 2124 2933 2295 2974; x_wconf 86' lang='lat' dir='ltr'>semper</span> <span class='ocrx_word' id='word_1_352' title='bbox 2331 2924 2375 2961; x_wconf 89' lang='lat' dir='ltr'>et</span> 
     </span>
     <span class='ocr_line' id='line_1_39' title="bbox 188 2981 2372 3045; baseline 0.004 -25"><span class='ocrx_word' id='word_1_353' title='bbox 188 2981 341 3035; x_wconf 88' lang='lat' dir='ltr'>ingiter</span> <span class='ocrx_word' id='word_1_354' title='bbox 373 2982 572 3037; x_wconf 80' lang='lat' dir='ltr'>dignetur</span> <span class='ocrx_word' id='word_1_355' title='bbox 613 2999 790 3039; x_wconf 85' lang='lat' dir='ltr'>augere.</span> <span class='ocrx_word' id='word_1_356' title='bbox 830 2988 929 3041; x_wconf 90' lang='lat' dir='ltr'>quia</span> <span class='ocrx_word' id='word_1_357' title='bbox 965 2988 1087 3028; x_wconf 76' lang='lat' dir='ltr'>iuxta</span> <span class='ocrx_word' id='word_1_358' title='bbox 1125 2989 1367 3043; x_wconf 87' lang='lat' dir='ltr'>apostolum</span> <span class='ocrx_word' id='word_1_359' title='bbox 1399 2989 1583 3030; x_wconf 87' lang='lat' dir='ltr'>Paulum</span> <span class='ocrx_word' id='word_1_360' title='bbox 1624 2989 1718 3045; x_wconf 90' lang='lat' dir='ltr'>ipsa</span> <span class='ocrx_word' id='word_1_361' title='bbox 1757 2993 1824 3029; x_wconf 89' lang='lat' dir='ltr'>est</span> <span class='ocrx_word' id='word_1_362' title='bbox 1861 2988 2119 3029; x_wconf 89' lang='lat' dir='ltr'>eminentior</span> <span class='ocrx_word' id='word_1_363' title='bbox 2159 2988 2226 3028; x_wconf 89' lang='lat' dir='ltr'>via</span> <span class='ocrx_word' id='word_1_364' title='bbox 2263 3001 2372 3042; x_wconf 90' lang='lat' dir='ltr'>quae</span> 
     </span>
     <span class='ocr_line' id='line_1_40' title="bbox 187 3050 2372 3113; baseline 0.003 -24"><span class='ocrx_word' id='word_1_365' title='bbox 187 3050 302 3090; x_wconf 82' lang='lat' dir='ltr'>ducit</span> <span class='ocrx_word' id='word_1_366' title='bbox 344 3050 395 3090; x_wconf 89' lang='lat' dir='ltr'>ad</span> <span class='ocrx_word' id='word_1_367' title='bbox 434 3052 578 3094; x_wconf 65' lang='lat' dir='ltr'>vitam.</span> <span class='ocrx_word' id='word_1_368' title='bbox 645 3054 757 3107; x_wconf 88' lang='lat' dir='ltr'>quod</span> <span class='ocrx_word' id='word_1_369' title='bbox 797 3060 1013 3110; x_wconf 74' lang='lat' dir='ltr'>superest,</span> <span class='ocrx_word' id='word_1_370' title='bbox 1062 3058 1307 3112; x_wconf 87' lang='lat' dir='ltr'>specialiter</span> <span class='ocrx_word' id='word_1_371' title='bbox 1348 3072 1529 3113; x_wconf 72' lang='lat' dir='ltr'>quaeso,</span> <span class='ocrx_word' id='word_1_372' title='bbox 1577 3062 1624 3099; x_wconf 90' lang='lat' dir='ltr'>ut</span> <span class='ocrx_word' id='word_1_373' title='bbox 1662 3057 1877 3098; x_wconf 89' lang='lat' dir='ltr'>communi</span> <span class='ocrx_word' id='word_1_374' title='bbox 1915 3060 2094 3111; x_wconf 86' lang='lat' dir='ltr'>patrono</span> <span class='ocrx_word' id='word_1_375' title='bbox 2132 3070 2208 3111; x_wconf 93' lang='lat' dir='ltr'>pro</span> <span class='ocrx_word' id='word_1_376' title='bbox 2248 3056 2372 3097; x_wconf 90' lang='lat' dir='ltr'>nobis</span> 
     </span>
     <span class='ocr_line' id='line_1_41' title="bbox 188 3119 2370 3180; baseline 0.003 -21"><span class='ocrx_word' id='word_1_377' title='bbox 188 3119 343 3160; x_wconf 72' lang='lat' dir='ltr'>cotidie</span> <span class='ocrx_word' id='word_1_378' title='bbox 386 3121 652 3175; x_wconf 51' lang='lat' dir='ltr'>supplicetis.¹</span> <span class='ocrx_word' id='word_1_379' title='bbox 695 3124 810 3178; x_wconf 57' lang='lat' dir='ltr'>quia,</span> <span class='ocrx_word' id='word_1_380' title='bbox 858 3125 969 3166; x_wconf 85' lang='lat' dir='ltr'>sicut</span> <span class='ocrx_word' id='word_1_381' title='bbox 1015 3126 1176 3180; x_wconf 76' lang='lat' dir='ltr'>legitis,</span> <span class='ocrx_word' id='word_1_382' title='bbox 1224 3126 1438 3167; x_wconf 90' lang='lat' dir='ltr'>multum</span> <span class='ocrx_word' id='word_1_383' title='bbox 1478 3127 1617 3167; x_wconf 84' lang='lat' dir='ltr'>valet</span> <span class='ocrx_word' id='word_1_384' title='bbox 1660 3126 1826 3167; x_wconf 86' lang='lat' dir='ltr'>oratio</span> <span class='ocrx_word' id='word_1_385' title='bbox 1868 3125 2007 3165; x_wconf 88' lang='lat' dir='ltr'>iusti</span> <span class='ocrx_word' id='word_1_386' title='bbox 2051 3125 2261 3165; x_wconf 88' lang='lat' dir='ltr'>assidua</span> <span class='ocrx_word' id='word_1_387' title='bbox 2310 3129 2370 3177; x_wconf 77' lang='lat' dir='ltr'>et,</span> 
     </span>
     <span class='ocr_line' id='line_1_42' title="bbox 186 3189 2369 3251; baseline 0.003 -24"><span class='ocrx_word' id='word_1_388' title='bbox 186 3189 294 3228; x_wconf 85' lang='lat' dir='ltr'>sicut</span> <span class='ocrx_word' id='word_1_389' title='bbox 327 3190 417 3243; x_wconf 84' lang='lat' dir='ltr'>ipse</span> <span class='ocrx_word' id='word_1_390' title='bbox 451 3189 647 3231; x_wconf 83' lang='lat' dir='ltr'>dominus</span> <span class='ocrx_word' id='word_1_391' title='bbox 680 3198 828 3233; x_wconf 85' lang='lat' dir='ltr'>noster</span> <span class='ocrx_word' id='word_1_392' title='bbox 858 3194 899 3234; x_wconf 89' lang='lat' dir='ltr'>in</span> <span class='ocrx_word' id='word_1_393' title='bbox 932 3196 1154 3250; x_wconf 84' lang='lat' dir='ltr'>evangelio</span> <span class='ocrx_word' id='word_1_394' title='bbox 1187 3195 1290 3236; x_wconf 90' lang='lat' dir='ltr'>dicit</span> <span class='ocrx_word' id='word_1_395' title='bbox 1321 3195 1373 3236; x_wconf 87' lang='lat' dir='ltr'>de</span> <span class='ocrx_word' id='word_1_396' title='bbox 1407 3196 1481 3236; x_wconf 91' lang='lat' dir='ltr'>illo</span> <span class='ocrx_word' id='word_1_397' title='bbox 1515 3196 1585 3251; x_wconf 91' lang='lat' dir='ltr'>qui</span> <span class='ocrx_word' id='word_1_398' title='bbox 1617 3199 1704 3236; x_wconf 88' lang='lat' dir='ltr'>tres</span> <span class='ocrx_word' id='word_1_399' title='bbox 1737 3209 1872 3251; x_wconf 90' lang='lat' dir='ltr'>panes</span> <span class='ocrx_word' id='word_1_400' title='bbox 1895 3195 1948 3235; x_wconf 89' lang='lat' dir='ltr'>ab</span> <span class='ocrx_word' id='word_1_401' title='bbox 1973 3194 2108 3234; x_wconf 88' lang='lat' dir='ltr'>amico</span> <span class='ocrx_word' id='word_1_402' title='bbox 2132 3208 2207 3235; x_wconf 91' lang='lat' dir='ltr'>suo</span> <span class='ocrx_word' id='word_1_403' title='bbox 2229 3194 2369 3235; x_wconf 89' lang='lat' dir='ltr'>noctis</span> 
     </span>
    </p>
   </div>
   <div class='ocr_carea' id='block_1_16' title="bbox 319 3371 2115 3419">
    <p class='ocr_par' dir='ltr' id='par_1_16' title="bbox 319 3371 2115 3419">
     <span class='ocr_line' id='line_1_43' title="bbox 319 3371 2115 3419; baseline 0.003 -14"><span class='ocrx_word' id='word_1_404' title='bbox 319 3372 363 3405; x_wconf 75' lang='lat'>‘2⁴5</span> <span class='ocrx_word' id='word_1_405' title='bbox 389 3371 447 3406; x_wconf 65' lang='lat' dir='ltr'>Es.</span> <span class='ocrx_word' id='word_1_406' title='bbox 473 3372 600 3413; x_wconf 75' lang='lat' dir='ltr'>XLIII,</span> <span class='ocrx_word' id='word_1_407' title='bbox 626 3374 679 3407; x_wconf 71' lang='lat'>⁵25.</span> <span class='ocrx_word' id='word_1_408' title='bbox 706 3375 760 3407; x_wconf 68' lang='lat'>2⁴3.</span> <span class='ocrx_word' id='word_1_409' title='bbox 877 3376 921 3409; x_wconf 79' lang='lat'>34</span> <span class='ocrx_word' id='word_1_410' title='bbox 948 3376 972 3410; x_wconf 91' lang='lat' dir='ltr'>I.</span> <span class='ocrx_word' id='word_1_411' title='bbox 992 3378 1070 3412; x_wconf 77' lang='lat' dir='ltr'>Cor.</span> <span class='ocrx_word' id='word_1_412' title='bbox 1096 3377 1176 3419; x_wconf 78' lang='lat' dir='ltr'>XII,</span> <span class='ocrx_word' id='word_1_413' title='bbox 1200 3379 1254 3413; x_wconf 87' lang='lat'>30.</span> <span class='ocrx_word' id='word_1_414' title='bbox 1372 3380 1415 3413; x_wconf 74' lang='lat' dir='ltr'>3ss</span> <span class='ocrx_word' id='word_1_415' title='bbox 1442 3377 1561 3412; x_wconf 81' lang='lat' dir='ltr'>Iacob.</span> <span class='ocrx_word' id='word_1_416' title='bbox 1581 3377 1623 3419; x_wconf 68' lang='lat' dir='ltr'>V,</span> <span class='ocrx_word' id='word_1_417' title='bbox 1651 3378 1703 3412; x_wconf 77' lang='lat'>16.</span> <span class='ocrx_word' id='word_1_418' title='bbox 1817 3377 1859 3411; x_wconf 74' lang='lat'>37</span> <span class='ocrx_word' id='word_1_419' title='bbox 1886 3376 1972 3412; x_wconf 86' lang='lat' dir='ltr'>Luc.</span> <span class='ocrx_word' id='word_1_420' title='bbox 1998 3376 2058 3418; x_wconf 81' lang='lat' dir='ltr'>XI,</span> <span class='ocrx_word' id='word_1_421' title='bbox 2084 3378 2115 3411; x_wconf 79' lang='lat'>5.</span> 
     </span>
    </p>
   </div>
   <div class='ocr_carea' id='block_1_17' title="bbox 183 3476 2366 3697">
    <p class='ocr_par' dir='ltr' id='par_1_17' title="bbox 183 3476 2366 3697">
     <span class='ocr_line' id='line_1_44' title="bbox 319 3476 2361 3525; baseline 0.003 -18"><span class='ocrx_word' id='word_1_422' title='bbox 319 3476 340 3507; x_wconf 77' lang='lat'><strong>2</strong></span> <span class='ocrx_word' id='word_1_423' title='bbox 365 3488 444 3519; x_wconf 76' lang='lat' dir='ltr'>erge</span> <span class='ocrx_word' id='word_1_424' title='bbox 473 3479 501 3506; x_wconf 77' lang='grc' dir='ltr'>(ν’</span> <span class='ocrx_word' id='word_1_425' title='bbox 651 3478 671 3511; x_wconf 74' lang='grc'><strong>3</strong></span> <span class='ocrx_word' id='word_1_426' title='bbox 697 3479 803 3519; x_wconf 53' lang='lat' dir='ltr'>filim,</span> <span class='ocrx_word' id='word_1_427' title='bbox 834 3491 903 3511; x_wconf 76' lang='lat' dir='ltr'>ras.</span> <span class='ocrx_word' id='word_1_428' title='bbox 929 3492 944 3512; x_wconf 85' lang='grc'>3</span> <span class='ocrx_word' id='word_1_429' title='bbox 973 3482 1001 3510; x_wconf 72' lang='lat'>(1‘</span> <span class='ocrx_word' id='word_1_430' title='bbox 1152 3481 1173 3514; x_wconf 83' lang='lat'>4</span> <span class='ocrx_word' id='word_1_431' title='bbox 1199 3484 1346 3516; x_wconf 71' lang='lat' dir='ltr'>incidere</span> <span class='ocrx_word' id='word_1_432' title='bbox 1376 3484 1404 3515; x_wconf 81' lang='lat' dir='ltr'><em>G</em></span> <span class='ocrx_word' id='word_1_433' title='bbox 1554 3481 1585 3514; x_wconf 68' lang='grc' dir='ltr'>Γ).</span> <span class='ocrx_word' id='word_1_434' title='bbox 1611 3482 1641 3515; x_wconf 78' lang='grc'>6.</span> <span class='ocrx_word' id='word_1_435' title='bbox 1668 3481 1686 3514; x_wconf 78' lang='grc'><strong>7</strong></span> <span class='ocrx_word' id='word_1_436' title='bbox 1712 3483 1821 3515; x_wconf 79' lang='lat' dir='ltr'>saluto</span> <span class='ocrx_word' id='word_1_437' title='bbox 1848 3501 1889 3504; x_wconf 90' lang='lat'><em>-</em></span> <span class='ocrx_word' id='word_1_438' title='bbox 1915 3494 1974 3525; x_wconf 70' lang='lat' dir='ltr'>pr«)</span> <span class='ocrx_word' id='word_1_439' title='bbox 2000 3501 2042 3504; x_wconf 91' lang='lat'>—</span> <span class='ocrx_word' id='word_1_440' title='bbox 2068 3486 2293 3524; x_wconf 81' lang='lat' dir='ltr'>opportunum</span> <span class='ocrx_word' id='word_1_441' title='bbox 2319 3499 2361 3504; x_wconf 90' lang='lat'>—</span> 
     </span>
     <span class='ocr_line' id='line_1_45' title="bbox 184 3530 2360 3581; baseline 0.002 -15"><span class='ocrx_word' id='word_1_442' title='bbox 184 3532 273 3574; x_wconf 66' lang='grc'>113101</span> <span class='ocrx_word' id='word_1_443' title='bbox 299 3534 390 3565; x_wconf 64' lang='lat' dir='ltr'>filum</span> <span class='ocrx_word' id='word_1_444' title='bbox 414 3541 442 3566; x_wconf 61' lang='lat' dir='ltr'>(sl</span> <span class='ocrx_word' id='word_1_445' title='bbox 467 3547 503 3567; x_wconf 71' lang='lat' dir='ltr'>ro</span> <span class='ocrx_word' id='word_1_446' title='bbox 528 3543 556 3567; x_wconf 67' lang='lat' dir='ltr'>et</span> <span class='ocrx_word' id='word_1_447' title='bbox 582 3548 637 3568; x_wconf 89' lang='lat' dir='ltr'>um</span> <span class='ocrx_word' id='word_1_448' title='bbox 655 3542 683 3569; x_wconf 72' lang='lat' dir='ltr'>el</span> <span class='ocrx_word' id='word_1_449' title='bbox 702 3537 742 3575; x_wconf 79' lang='lat' dir='ltr'>le,</span> <span class='ocrx_word' id='word_1_450' title='bbox 768 3537 885 3568; x_wconf 58' lang='lat' dir='ltr'>elias-ta</span> <span class='ocrx_word' id='word_1_451' title='bbox 905 3539 1010 3580; x_wconf 48' lang='lat' dir='ltr'>lasum,</span> <span class='ocrx_word' id='word_1_452' title='bbox 1028 3541 1206 3581; x_wconf 64' lang='lat' dir='ltr'>‹pm-ierunt</span> <span class='ocrx_word' id='word_1_453' title='bbox 1227 3543 1255 3574; x_wconf 98' lang='lat' dir='ltr'><em>G</em></span> <span class='ocrx_word' id='word_1_454' title='bbox 1386 3541 1427 3573; x_wconf 75' lang='lat'>10</span> <span class='ocrx_word' id='word_1_455' title='bbox 1451 3542 1629 3573; x_wconf 81' lang='lat' dir='ltr'>sanitatem</span> <span class='ocrx_word' id='word_1_456' title='bbox 1650 3540 1679 3571; x_wconf 77' lang='lat' dir='ltr'><em>G</em></span> <span class='ocrx_word' id='word_1_457' title='bbox 1748 3530 1853 3572; x_wconf 76' lang='lat' dir='ltr'>alium</span> <span class='ocrx_word' id='word_1_458' title='bbox 1876 3540 1904 3571; x_wconf 86' lang='lat' dir='ltr'><em>G</em></span> <span class='ocrx_word' id='word_1_459' title='bbox 2034 3538 2072 3571; x_wconf 89' lang='grc'>11</span> <span class='ocrx_word' id='word_1_460' title='bbox 2101 3537 2360 3580; x_wconf 78' lang='lat' dir='ltr'>necessitudine]</span> 
     </span>
     <span class='ocr_line' id='line_1_46' title="bbox 186 3590 2366 3641; baseline 0.007 -22"><span class='ocrx_word' id='word_1_461' title='bbox 186 3590 350 3629; x_wconf 43' lang='grc' dir='ltr'>(ἰιιιῐκίιις,</span> <span class='ocrx_word' id='word_1_462' title='bbox 376 3594 571 3624; x_wconf 74' lang='lat' dir='ltr'>necessitate</span> <span class='ocrx_word' id='word_1_463' title='bbox 593 3594 632 3629; x_wconf 78' lang='lat' dir='ltr'>G,</span> <span class='ocrx_word' id='word_1_464' title='bbox 657 3594 700 3635; x_wconf 66' lang='lat' dir='ltr'>(js.</span> <span class='ocrx_word' id='word_1_465' title='bbox 728 3594 825 3632; x_wconf 54' lang='grc' dir='ltr'><em>[μίγη</em></span> <span class='ocrx_word' id='word_1_466' title='bbox 849 3595 897 3631; x_wconf 78' lang='lat' dir='ltr'>II,</span> <span class='ocrx_word' id='word_1_467' title='bbox 916 3599 960 3627; x_wconf 73' lang='lat'>47</span> <span class='ocrx_word' id='word_1_468' title='bbox 1108 3598 1148 3629; x_wconf 70' lang='lat'>153</span> <span class='ocrx_word' id='word_1_469' title='bbox 1174 3600 1405 3641; x_wconf 83' lang='lat' dir='ltr'>praetermisse</span> <span class='ocrx_word' id='word_1_470' title='bbox 1434 3599 1462 3630; x_wconf 89' lang='lat' dir='ltr'><em>G</em></span> <span class='ocrx_word' id='word_1_471' title='bbox 1603 3597 1643 3629; x_wconf 68' lang='grc'>111</span> <span class='ocrx_word' id='word_1_472' title='bbox 1669 3599 1822 3639; x_wconf 77' lang='lat' dir='ltr'>fugatum</span> <span class='ocrx_word' id='word_1_473' title='bbox 1845 3597 1873 3627; x_wconf 67' lang='grc' dir='ltr'>(τ’</span> <span class='ocrx_word' id='word_1_474' title='bbox 2015 3596 2056 3628; x_wconf 76' lang='grc'>19</span> <span class='ocrx_word' id='word_1_475' title='bbox 2081 3597 2185 3638; x_wconf 83' lang='lat' dir='ltr'>longu</span> <span class='ocrx_word' id='word_1_476' title='bbox 2208 3596 2307 3637; x_wconf 59' lang='lat'>72‘29&#39;51&#39;5</span> <span class='ocrx_word' id='word_1_477' title='bbox 2327 3596 2366 3635; x_wconf 68' lang='lat' dir='ltr'>G,</span> 
     </span>
     <span class='ocr_line' id='line_1_47' title="bbox 183 3647 2363 3697; baseline 0.002 -18"><span class='ocrx_word' id='word_1_478' title='bbox 183 3648 226 3687; x_wconf 67' lang='lat' dir='ltr'>(jl&#39;.</span> <span class='ocrx_word' id='word_1_479' title='bbox 253 3647 347 3689; x_wconf 56' lang='lat' dir='ltr'>iufra</span> <span class='ocrx_word' id='word_1_480' title='bbox 372 3661 406 3689; x_wconf 72' lang='lat'>7¹·</span> <span class='ocrx_word' id='word_1_481' title='bbox 431 3654 503 3685; x_wconf 69' lang='lat'>:5:55,</span> <span class='ocrx_word' id='word_1_482' title='bbox 529 3652 550 3681; x_wconf 82' lang='lat' dir='ltr'>l.</span> <span class='ocrx_word' id='word_1_483' title='bbox 571 3654 591 3682; x_wconf 72' lang='lat'>3</span> <span class='ocrx_word' id='word_1_484' title='bbox 720 3651 759 3683; x_wconf 65' lang='lat'>*21</span> <span class='ocrx_word' id='word_1_485' title='bbox 788 3652 944 3695; x_wconf 80' lang='lat' dir='ltr'>ruricius]</span> <span class='ocrx_word' id='word_1_486' title='bbox 974 3666 1030 3686; x_wconf 84' lang='lat' dir='ltr'>rur</span> <span class='ocrx_word' id='word_1_487' title='bbox 1053 3657 1152 3697; x_wconf 64' lang='lat' dir='ltr'>periit</span> <span class='ocrx_word' id='word_1_488' title='bbox 1174 3658 1202 3687; x_wconf 84' lang='lat' dir='ltr'><em>G</em></span> <span class='ocrx_word' id='word_1_489' title='bbox 1273 3657 1440 3689; x_wconf 82' lang='lat' dir='ltr'>eracliano</span> <span class='ocrx_word' id='word_1_490' title='bbox 1463 3656 1491 3687; x_wconf 78' lang='grc' dir='ltr'>(ι’</span> <span class='ocrx_word' id='word_1_491' title='bbox 1616 3654 1660 3686; x_wconf 70' lang='grc'>22</span> <span class='ocrx_word' id='word_1_492' title='bbox 1685 3652 1756 3695; x_wconf 84' lang='lat' dir='ltr'>qui]</span> <span class='ocrx_word' id='word_1_493' title='bbox 1784 3666 1803 3695; x_wconf 87' lang='lat' dir='ltr'>q</span> <span class='ocrx_word' id='word_1_494' title='bbox 1825 3654 1926 3695; x_wconf 68' lang='lat' dir='ltr'>periit</span> <span class='ocrx_word' id='word_1_495' title='bbox 1948 3654 1976 3684; x_wconf 81' lang='lat' dir='ltr'><em>G</em></span> <span class='ocrx_word' id='word_1_496' title='bbox 2100 3652 2144 3684; x_wconf 72' lang='lat'>25</span> <span class='ocrx_word' id='word_1_497' title='bbox 2170 3651 2363 3695; x_wconf 75' lang='lat' dir='ltr'>imputanti]</span> 
     </span>
    </p>
   </div>
   <div class='ocr_carea' id='block_1_18' title="bbox 182 3704 1673 3754">
    <p class='ocr_par' dir='ltr' id='par_1_18' title="bbox 182 3704 1673 3754">
     <span class='ocr_line' id='line_1_48' title="bbox 182 3704 1673 3754; baseline 0.008 -21"><span class='ocrx_word' id='word_1_498' title='bbox 182 3704 314 3744; x_wconf 47' lang='grc' dir='ltr'>,αἰ-ἱραί,</span> <span class='ocrx_word' id='word_1_499' title='bbox 348 3706 551 3747; x_wconf 71' lang='lat' dir='ltr'>iuputaeioui</span> <span class='ocrx_word' id='word_1_500' title='bbox 573 3708 601 3737; x_wconf 67' lang='grc' dir='ltr'>(τ’</span> <span class='ocrx_word' id='word_1_501' title='bbox 695 3709 833 3741; x_wconf 65' lang='lat' dir='ltr'>aditur?</span> <span class='ocrx_word' id='word_1_502' title='bbox 854 3710 902 3741; x_wconf 58' lang='grc' dir='ltr'>(τ11</span> <span class='ocrx_word' id='word_1_503' title='bbox 1065 3713 1110 3744; x_wconf 71' lang='grc'>34)</span> <span class='ocrx_word' id='word_1_504' title='bbox 1134 3719 1296 3754; x_wconf 75' lang='lat' dir='ltr'>quantum</span> <span class='ocrx_word' id='word_1_505' title='bbox 1320 3715 1348 3745; x_wconf 81' lang='lat' dir='ltr'><em>G</em></span> <span class='ocrx_word' id='word_1_506' title='bbox 1441 3713 1615 3745; x_wconf 77' lang='lat' dir='ltr'>interiores</span> <span class='ocrx_word' id='word_1_507' title='bbox 1644 3713 1673 3743; x_wconf 70' lang='lat' dir='ltr'><em>G</em></span> 
     </span>
    </p>
   </div>
   <div class='ocr_carea' id='block_1_19' title="bbox 2432 1112 2463 1135">
    <p class='ocr_par' dir='ltr' id='par_1_19' title="bbox 2432 1112 2463 1135">
     <span class='ocr_line' id='line_1_49' title="bbox 2432 1112 2463 1135; baseline -0.032 0"><span class='ocrx_word' id='word_1_508' title='bbox 2432 1112 2463 1135; x_wconf 88' lang='grc'>10</span> 
     </span>
    </p>
   </div>
   <div class='ocr_carea' id='block_1_20' title="bbox 2429 1455 2459 1478">
    <p class='ocr_par' dir='ltr' id='par_1_20' title="bbox 2429 1455 2459 1478">
     <span class='ocr_line' id='line_1_50' title="bbox 2429 1455 2459 1478; baseline 0 0"><span class='ocrx_word' id='word_1_509' title='bbox 2429 1455 2459 1478; x_wconf 83' lang='lat'>15</span> 
     </span>
    </p>
   </div>
   <div class='ocr_carea' id='block_1_21' title="bbox 2424 1972 2456 1996">
    <p class='ocr_par' dir='ltr' id='par_1_21' title="bbox 2424 1972 2456 1996">
     <span class='ocr_line' id='line_1_51' title="bbox 2424 1972 2456 1996; baseline 0 0"><span class='ocrx_word' id='word_1_510' title='bbox 2424 1972 2456 1996; x_wconf 72' lang='lat'>20</span> 
     </span>
    </p>
   </div>
   <div class='ocr_carea' id='block_1_22' title="bbox 2532 0 2583 4011">
    <p class='ocr_par' dir='ltr' id='par_1_22' title="bbox 2532 0 2583 4011">
     <span class='ocr_line' id='line_1_52' title="bbox 2532 0 2583 4011; baseline 0 0"><span class='ocrx_word' id='word_1_511' title='bbox 2532 0 2583 4011; x_wconf 95' lang='lat' dir='ltr'> </span> 
     </span>
    </p>
   </div>
  </div>
 </body>
</html>
