<?xml version="1.0" encoding="UTF-8"?>
<!DOCTYPE html PUBLIC "-//W3C//DTD XHTML 1.0 Transitional//EN"
    "http://www.w3.org/TR/xhtml1/DTD/xhtml1-transitional.dtd">
<html xmlns="http://www.w3.org/1999/xhtml" xml:lang="en" lang="en">
 <head>
  <title>
</title>
<meta http-equiv="Content-Type" content="text/html;charset=utf-8" />
  <meta name='ocr-system' content='tesseract 3.04.00' />
  <meta name='ocr-capabilities' content='ocr_page ocr_carea ocr_par ocr_line ocrx_word'/>
</head>
<body>
  <div class='ocr_page' id='page_1' title='image "./monumentager08geseuoft_0063.png"; bbox 0 0 2583 4011; ppageno 0'>
   <div class='ocr_carea' id='block_1_1' title="bbox 1129 183 2344 219">
    <p class='ocr_par' dir='ltr' id='par_1_1' title="bbox 1129 183 2344 219">
     <span class='ocr_line' id='line_1_1' title="bbox 1129 183 2344 219; baseline 0.001 -2"><span class='ocrx_word' id='word_1_1' title='bbox 1129 183 1367 218; x_wconf 56' lang='lat' dir='ltr'>KRC-sellu.</span> <span class='ocrx_word' id='word_1_2' title='bbox 2254 187 2344 219; x_wconf 76' lang='lat' dir='ltr'>LVI}</span> 
     </span>
    </p>
   </div>
   <div class='ocr_carea' id='block_1_2' title="bbox 133 298 2360 3753">
    <p class='ocr_par' dir='ltr' id='par_1_2' title="bbox 135 298 2348 491">
     <span class='ocr_line' id='line_1_2' title="bbox 136 298 2348 354; baseline -0 -12"><span class='ocrx_word' id='word_1_3' title='bbox 136 300 436 354; x_wconf 71' lang='lat' dir='ltr'>Luyclzmcnsls</span> <span class='ocrx_word' id='word_1_4' title='bbox 474 300 617 352; x_wconf 63' lang='lat' dir='ltr'>exeqit.</span> <span class='ocrx_word' id='word_1_5' title='bbox 680 298 942 340; x_wconf 89' lang='lat' dir='ltr'>Arelatense</span> <span class='ocrx_word' id='word_1_6' title='bbox 983 298 1209 339; x_wconf 85' lang='lat' dir='ltr'>concilium</span> <span class='ocrx_word' id='word_1_7' title='bbox 1243 314 1340 339; x_wconf 78' lang='lat' dir='ltr'>esse</span> <span class='ocrx_word' id='word_1_8' title='bbox 1380 299 1441 343; x_wconf 79' lang='lat' dir='ltr'>id,</span> <span class='ocrx_word' id='word_1_9' title='bbox 1489 314 1571 353; x_wconf 84' lang='lat' dir='ltr'>quo</span> <span class='ocrx_word' id='word_1_10' title='bbox 1607 299 1793 339; x_wconf 46' lang='lat' dir='ltr'>lium-idus</span> <span class='ocrx_word' id='word_1_11' title='bbox 1837 300 2064 341; x_wconf 70' lang='lat' dir='ltr'>damnatus</span> <span class='ocrx_word' id='word_1_12' title='bbox 2106 306 2192 343; x_wconf 77' lang='lat' dir='ltr'>est.</span> <span class='ocrx_word' id='word_1_13' title='bbox 2237 302 2348 341; x_wconf 82' lang='lat' dir='ltr'>inter</span> 
     </span>
     <span class='ocr_line' id='line_1_3' title="bbox 135 367 1903 423; baseline -0.001 -12"><span class='ocrx_word' id='word_1_14' title='bbox 135 384 286 412; x_wconf 90' lang='lat' dir='ltr'>omnes</span> <span class='ocrx_word' id='word_1_15' title='bbox 320 373 511 416; x_wconf 88' lang='lat' dir='ltr'>constat;</span> <span class='ocrx_word' id='word_1_16' title='bbox 544 368 850 423; x_wconf 78' lang='lat' dir='ltr'>Lugdunensis</span> <span class='ocrx_word' id='word_1_17' title='bbox 882 372 1054 423; x_wconf 90' lang='lat' dir='ltr'>praeter</span> <span class='ocrx_word' id='word_1_18' title='bbox 1086 367 1295 408; x_wconf 88' lang='lat' dir='ltr'>Faustum</span> <span class='ocrx_word' id='word_1_19' title='bbox 1330 382 1454 408; x_wconf 84' lang='lat' dir='ltr'>nemo</span> <span class='ocrx_word' id='word_1_20' title='bbox 1487 368 1752 408; x_wconf 60' lang='lat' dir='ltr'>minutionem</span> <span class='ocrx_word' id='word_1_21' title='bbox 1788 370 1903 410; x_wconf 78' lang='lat' dir='ltr'>fecit.</span> 
     </span>
     <span class='ocr_line' id='line_1_4' title="bbox 283 436 2347 491; baseline 0 -12"><span class='ocrx_word' id='word_1_22' title='bbox 283 438 350 480; x_wconf 92' lang='lat' dir='ltr'>De</span> <span class='ocrx_word' id='word_1_23' title='bbox 395 437 574 479; x_wconf 85' lang='lat' dir='ltr'>Sidonio</span> <span class='ocrx_word' id='word_1_24' title='bbox 617 437 808 478; x_wconf 81' lang='lat' dir='ltr'><strong>Faustus</strong></span> <span class='ocrx_word' id='word_1_25' title='bbox 852 436 1014 491; x_wconf 89' lang='lat' dir='ltr'>optime</span> <span class='ocrx_word' id='word_1_26' title='bbox 1056 436 1236 476; x_wconf 88' lang='lat' dir='ltr'>meritus</span> <span class='ocrx_word' id='word_1_27' title='bbox 1279 440 1386 477; x_wconf 90' lang='lat' dir='ltr'>erat.</span> <span class='ocrx_word' id='word_1_28' title='bbox 1467 436 1732 477; x_wconf 78' lang='lat' dir='ltr'>Germanum</span> <span class='ocrx_word' id='word_1_29' title='bbox 1777 438 1868 477; x_wconf 75' lang='lat' dir='ltr'>eius</span> <span class='ocrx_word' id='word_1_30' title='bbox 1918 438 2096 478; x_wconf 66' lang='lat' dir='ltr'>lienes-t«-</span> <span class='ocrx_word' id='word_1_31' title='bbox 2146 440 2347 479; x_wconf 70' lang='lat' dir='ltr'>odiu-:ivit</span> 
     </span>
    </p>

    <p class='ocr_par' dir='ltr' id='par_1_3' title="bbox 133 504 2347 909">
     <span class='ocr_line' id='line_1_5' title="bbox 137 504 2344 563; baseline 0 -14"><span class='ocrx_word' id='word_1_32' title='bbox 137 507 204 562; x_wconf 85' lang='lat' dir='ltr'>(C.</span> <span class='ocrx_word' id='word_1_33' title='bbox 229 506 351 558; x_wconf 82' lang='lat' dir='ltr'>XVI,</span> <span class='ocrx_word' id='word_1_34' title='bbox 376 505 448 562; x_wconf 83' lang='lat'>72)</span> <span class='ocrx_word' id='word_1_35' title='bbox 472 507 703 562; x_wconf 91' lang='lat' dir='ltr'>ipsumque</span> <span class='ocrx_word' id='word_1_36' title='bbox 728 505 953 546; x_wconf 82' lang='lat' dir='ltr'>Sidonium</span> <span class='ocrx_word' id='word_1_37' title='bbox 978 505 1158 561; x_wconf 80' lang='lat' dir='ltr'>‘pridem</span> <span class='ocrx_word' id='word_1_38' title='bbox 1183 504 1314 545; x_wconf 81' lang='lat' dir='ltr'>Reios</span> <span class='ocrx_word' id='word_1_39' title='bbox 1339 504 1598 545; x_wconf 77' lang='lat' dir='ltr'>venientem‘</span> <span class='ocrx_word' id='word_1_40' title='bbox 1625 505 1691 558; x_wconf 71' lang='lat' dir='ltr'>(C.</span> <span class='ocrx_word' id='word_1_41' title='bbox 1717 505 1835 548; x_wconf 77' lang='lat' dir='ltr'>xv1.</span> <span class='ocrx_word' id='word_1_42' title='bbox 1858 509 1928 548; x_wconf 46' lang='lat'>75)</span> <span class='ocrx_word' id='word_1_43' title='bbox 1955 506 2137 560; x_wconf 63' lang='lat' dir='ltr'>hospitio</span> <span class='ocrx_word' id='word_1_44' title='bbox 2162 510 2344 563; x_wconf 66' lang='lat' dir='ltr'>avvepit.</span> 
     </span>
     <span class='ocr_line' id='line_1_6' title="bbox 135 573 2345 632; baseline -0.001 -14"><span class='ocrx_word' id='word_1_45' title='bbox 135 577 238 632; x_wconf 92' lang='lat' dir='ltr'>quin</span> <span class='ocrx_word' id='word_1_46' title='bbox 264 577 393 617; x_wconf 91' lang='lat' dir='ltr'>immo</span> <span class='ocrx_word' id='word_1_47' title='bbox 417 576 576 628; x_wconf 84' lang='lat' dir='ltr'>effecit,</span> <span class='ocrx_word' id='word_1_48' title='bbox 609 578 656 616; x_wconf 87' lang='lat' dir='ltr'>ut</span> <span class='ocrx_word' id='word_1_49' title='bbox 687 578 858 615; x_wconf 67' lang='lat' dir='ltr'>sanctae</span> <span class='ocrx_word' id='word_1_50' title='bbox 886 575 1037 615; x_wconf 71' lang='lat' dir='ltr'>nuttris</span> <span class='ocrx_word' id='word_1_51' title='bbox 1067 577 1260 614; x_wconf 69' lang='lat' dir='ltr'>sanctum</span> <span class='ocrx_word' id='word_1_52' title='bbox 1290 588 1451 625; x_wconf 75' lang='lat' dir='ltr'>quoqne</span> <span class='ocrx_word' id='word_1_53' title='bbox 1483 573 1608 614; x_wconf 77' lang='lat' dir='ltr'>limen</span> <span class='ocrx_word' id='word_1_54' title='bbox 1638 574 1776 614; x_wconf 76' lang='lat' dir='ltr'>adiret</span> <span class='ocrx_word' id='word_1_55' title='bbox 1809 576 1874 627; x_wconf 61' lang='lat' dir='ltr'>(ss.</span> <span class='ocrx_word' id='word_1_56' title='bbox 1902 575 2020 616; x_wconf 66' lang='lat' dir='ltr'>xx&#39;l.</span> <span class='ocrx_word' id='word_1_57' title='bbox 2056 579 2144 621; x_wconf 72' lang='lat' dir='ltr'>bl).</span> <span class='ocrx_word' id='word_1_58' title='bbox 2213 577 2255 617; x_wconf 85' lang='lat' dir='ltr'>ld</span> <span class='ocrx_word' id='word_1_59' title='bbox 2293 578 2345 618; x_wconf 75' lang='lat' dir='ltr'>de</span> 
     </span>
     <span class='ocr_line' id='line_1_7' title="bbox 134 642 2346 699; baseline 0 -12"><span class='ocrx_word' id='word_1_60' title='bbox 134 650 271 688; x_wconf 91' lang='lat' dir='ltr'>matre</span> <span class='ocrx_word' id='word_1_61' title='bbox 303 645 455 687; x_wconf 81' lang='lat' dir='ltr'>Fausti</span> <span class='ocrx_word' id='word_1_62' title='bbox 487 645 724 687; x_wconf 84' lang='lat' dir='ltr'>Tillemont</span> <span class='ocrx_word' id='word_1_63' title='bbox 755 644 782 685; x_wconf 91' lang='lat' dir='ltr'>l.</span> <span class='ocrx_word' id='word_1_64' title='bbox 806 644 832 685; x_wconf 94' lang='lat' dir='ltr'>l.</span> <span class='ocrx_word' id='word_1_65' title='bbox 868 658 907 699; x_wconf 88' lang='lat' dir='ltr'>p.</span> <span class='ocrx_word' id='word_1_66' title='bbox 927 644 1008 684; x_wconf 74' lang='lat'>408</span> <span class='ocrx_word' id='word_1_67' title='bbox 1033 643 1192 698; x_wconf 86' lang='lat' dir='ltr'>aliique</span> <span class='ocrx_word' id='word_1_68' title='bbox 1217 643 1487 698; x_wconf 89' lang='lat' dir='ltr'>interpretati</span> <span class='ocrx_word' id='word_1_69' title='bbox 1512 647 1625 692; x_wconf 82' lang='lat' dir='ltr'>sunt,</span> <span class='ocrx_word' id='word_1_70' title='bbox 1660 642 1734 683; x_wconf 81' lang='lat' dir='ltr'>sed</span> <span class='ocrx_word' id='word_1_71' title='bbox 1759 644 1905 683; x_wconf 73' lang='lat' dir='ltr'>neseio</span> <span class='ocrx_word' id='word_1_72' title='bbox 1931 659 1982 684; x_wconf 82' lang='lat' dir='ltr'>an</span> <span class='ocrx_word' id='word_1_73' title='bbox 2010 652 2171 685; x_wconf 63' lang='lat' dir='ltr'>*saneta</span> <span class='ocrx_word' id='word_1_74' title='bbox 2198 646 2346 687; x_wconf 65' lang='lat' dir='ltr'>num-r*</span> 
     </span>
     <span class='ocr_line' id='line_1_8' title="bbox 135 712 2345 768; baseline -0 -12"><span class='ocrx_word' id='word_1_75' title='bbox 135 715 192 756; x_wconf 92' lang='lat' dir='ltr'>sit</span> <span class='ocrx_word' id='word_1_76' title='bbox 224 714 425 765; x_wconf 88' lang='lat' dir='ltr'>ecelesia,</span> <span class='ocrx_word' id='word_1_77' title='bbox 459 715 518 755; x_wconf 89' lang='lat' dir='ltr'>ita</span> <span class='ocrx_word' id='word_1_78' title='bbox 549 718 595 755; x_wconf 90' lang='lat' dir='ltr'>ut</span> <span class='ocrx_word' id='word_1_79' title='bbox 628 712 899 768; x_wconf 83' lang='lat' dir='ltr'>significetur</span> <span class='ocrx_word' id='word_1_80' title='bbox 931 727 954 754; x_wconf 89' lang='lat' dir='ltr'>a</span> <span class='ocrx_word' id='word_1_81' title='bbox 988 712 1151 753; x_wconf 85' lang='lat' dir='ltr'>Fausto</span> <span class='ocrx_word' id='word_1_82' title='bbox 1177 712 1401 753; x_wconf 82' lang='lat' dir='ltr'>Sidonium</span> <span class='ocrx_word' id='word_1_83' title='bbox 1436 726 1574 767; x_wconf 80' lang='lat' dir='ltr'>aeque</span> <span class='ocrx_word' id='word_1_84' title='bbox 1608 727 1657 752; x_wconf 84' lang='lat' dir='ltr'>ae</span> <span class='ocrx_word' id='word_1_85' title='bbox 1683 712 1902 752; x_wconf 62' lang='lat' dir='ltr'>nuru-ium</span> <span class='ocrx_word' id='word_1_86' title='bbox 1936 713 1986 753; x_wconf 79' lang='lat' dir='ltr'>ad</span> <span class='ocrx_word' id='word_1_87' title='bbox 2017 714 2143 754; x_wconf 72' lang='lat' dir='ltr'>vitam</span> <span class='ocrx_word' id='word_1_88' title='bbox 2170 716 2345 755; x_wconf 57' lang='lat' dir='ltr'>‹ww-lesi-</span> 
     </span>
     <span class='ocr_line' id='line_1_9' title="bbox 133 781 2347 836; baseline -0.001 -11"><span class='ocrx_word' id='word_1_89' title='bbox 133 784 313 826; x_wconf 88' lang='lat' dir='ltr'>asticam</span> <span class='ocrx_word' id='word_1_90' title='bbox 347 783 580 825; x_wconf 91' lang='lat' dir='ltr'>adductum</span> <span class='ocrx_word' id='word_1_91' title='bbox 615 797 728 825; x_wconf 90' lang='lat' dir='ltr'>esse.</span> <span class='ocrx_word' id='word_1_92' title='bbox 790 782 1009 823; x_wconf 77' lang='lat' dir='ltr'>Affectum</span> <span class='ocrx_word' id='word_1_93' title='bbox 1050 781 1091 822; x_wconf 91' lang='lat' dir='ltr'>in</span> <span class='ocrx_word' id='word_1_94' title='bbox 1132 795 1228 822; x_wconf 88' lang='lat' dir='ltr'>eum</span> <span class='ocrx_word' id='word_1_95' title='bbox 1269 781 1475 822; x_wconf 84' lang='lat' dir='ltr'>eximium</span> <span class='ocrx_word' id='word_1_96' title='bbox 1511 781 1712 822; x_wconf 71' lang='lat' dir='ltr'>Sidonius</span> <span class='ocrx_word' id='word_1_97' title='bbox 1746 782 1972 836; x_wconf 70' lang='lat' dir='ltr'>profitetur</span> <span class='ocrx_word' id='word_1_98' title='bbox 2014 783 2053 823; x_wconf 88' lang='lat' dir='ltr'>in</span> <span class='ocrx_word' id='word_1_99' title='bbox 2092 783 2347 823; x_wconf 51' lang='lat' dir='ltr'>lant-harisio</span> 
     </span>
     <span class='ocr_line' id='line_1_10' title="bbox 138 850 1061 909; baseline -0.003 -15"><span class='ocrx_word' id='word_1_100' title='bbox 138 853 179 895; x_wconf 90' lang='lat' dir='ltr'>ei</span> <span class='ocrx_word' id='word_1_101' title='bbox 212 853 418 909; x_wconf 87' lang='lat' dir='ltr'>inscripto</span> <span class='ocrx_word' id='word_1_102' title='bbox 451 851 516 893; x_wconf 92' lang='lat' dir='ltr'>his</span> <span class='ocrx_word' id='word_1_103' title='bbox 550 851 695 893; x_wconf 91' lang='lat' dir='ltr'>verbis</span> <span class='ocrx_word' id='word_1_104' title='bbox 728 850 796 907; x_wconf 78' lang='lat' dir='ltr'>(C.</span> <span class='ocrx_word' id='word_1_105' title='bbox 821 850 1061 905; x_wconf 74' lang='lat' dir='ltr'>XV1,es):</span> 
     </span>
    </p>

    <p class='ocr_par' dir='ltr' id='par_1_4' title="bbox 669 919 1798 971">
     <span class='ocr_line' id='line_1_11' title="bbox 669 919 1798 971; baseline -0.003 -9"><span class='ocrx_word' id='word_1_106' title='bbox 669 921 725 962; x_wconf 76' lang='lat' dir='ltr'>du</span> <span class='ocrx_word' id='word_1_107' title='bbox 757 920 972 962; x_wconf 74' lang='lat' dir='ltr'>Faustum</span> <span class='ocrx_word' id='word_1_108' title='bbox 1004 920 1183 960; x_wconf 76' lang='lat' dir='ltr'>laudare</span> <span class='ocrx_word' id='word_1_109' title='bbox 1215 923 1347 969; x_wconf 78' lang='lat' dir='ltr'>tuum,</span> <span class='ocrx_word' id='word_1_110' title='bbox 1381 919 1435 959; x_wconf 77' lang='lat' dir='ltr'>du</span> <span class='ocrx_word' id='word_1_111' title='bbox 1467 919 1619 960; x_wconf 65' lang='lat' dir='ltr'>solvere</span> <span class='ocrx_word' id='word_1_112' title='bbox 1647 923 1798 971; x_wconf 62' lang='lat' dir='ltr'>(frates,</span> 
     </span>
    </p>

    <p class='ocr_par' dir='ltr' id='par_1_5' title="bbox 667 989 1824 1043">
     <span class='ocr_line' id='line_1_12' title="bbox 667 989 1824 1043; baseline -0.002 -12"><span class='ocrx_word' id='word_1_113' title='bbox 667 1004 775 1043; x_wconf 74' lang='lat' dir='ltr'>quas</span> <span class='ocrx_word' id='word_1_114' title='bbox 806 993 844 1031; x_wconf 87' lang='lat' dir='ltr'>et</span> <span class='ocrx_word' id='word_1_115' title='bbox 865 993 965 1042; x_wconf 69' lang='lat' dir='ltr'>pest</span> <span class='ocrx_word' id='word_1_116' title='bbox 996 989 1137 1031; x_wconf 77' lang='lat' dir='ltr'>debere</span> <span class='ocrx_word' id='word_1_117' title='bbox 1171 989 1299 1030; x_wconf 66' lang='lat' dir='ltr'>iurat.</span> <span class='ocrx_word' id='word_1_118' title='bbox 1363 992 1411 1038; x_wconf 71' lang='lat' dir='ltr'>te,</span> <span class='ocrx_word' id='word_1_119' title='bbox 1446 1002 1591 1041; x_wconf 59' lang='lat' dir='ltr'>neamus</span> <span class='ocrx_word' id='word_1_120' title='bbox 1620 989 1824 1039; x_wconf 72' lang='lat' dir='ltr'>sacerdes,</span> 
     </span>
    </p>

    <p class='ocr_par' dir='ltr' id='par_1_6' title="bbox 133 1057 2359 2700">
     <span class='ocr_line' id='line_1_13' title="bbox 669 1057 1819 1112; baseline -0.001 -12"><span class='ocrx_word' id='word_1_121' title='bbox 669 1060 858 1101; x_wconf 73' lang='lat' dir='ltr'>barbitus</span> <span class='ocrx_word' id='word_1_122' title='bbox 889 1059 957 1100; x_wconf 74' lang='lat' dir='ltr'>hic</span> <span class='ocrx_word' id='word_1_123' title='bbox 988 1062 1127 1100; x_wconf 81' lang='lat' dir='ltr'>uester</span> <span class='ocrx_word' id='word_1_124' title='bbox 1152 1058 1314 1112; x_wconf 70' lang='lat' dir='ltr'>plectro</span> <span class='ocrx_word' id='word_1_125' title='bbox 1347 1057 1439 1099; x_wconf 74' lang='lat' dir='ltr'>lieet</span> <span class='ocrx_word' id='word_1_126' title='bbox 1473 1059 1632 1110; x_wconf 73' lang='lat' dir='ltr'>impure</span> <span class='ocrx_word' id='word_1_127' title='bbox 1663 1062 1819 1099; x_wconf 65' lang='lat' dir='ltr'>cantat.</span> 
     </span>
     <span class='ocr_line' id='line_1_14' title="bbox 133 1128 2353 1185; baseline -0 -15"><span class='ocrx_word' id='word_1_128' title='bbox 133 1129 185 1170; x_wconf 86' lang='lat' dir='ltr'>Id</span> <span class='ocrx_word' id='word_1_129' title='bbox 223 1133 370 1171; x_wconf 87' lang='lat' dir='ltr'>autem</span> <span class='ocrx_word' id='word_1_130' title='bbox 412 1133 513 1171; x_wconf 90' lang='lat' dir='ltr'>ante</span> <span class='ocrx_word' id='word_1_131' title='bbox 556 1144 594 1170; x_wconf 89' lang='lat' dir='ltr'>a.</span> <span class='ocrx_word' id='word_1_132' title='bbox 628 1131 708 1171; x_wconf 69' lang='lat'>468</span> <span class='ocrx_word' id='word_1_133' title='bbox 756 1129 1041 1185; x_wconf 87' lang='lat' dir='ltr'>compositum</span> <span class='ocrx_word' id='word_1_134' title='bbox 1081 1129 1253 1170; x_wconf 80' lang='lat' dir='ltr'>videtur</span> <span class='ocrx_word' id='word_1_135' title='bbox 1295 1143 1419 1170; x_wconf 85' lang='lat' dir='ltr'>csse:</span> <span class='ocrx_word' id='word_1_136' title='bbox 1466 1129 1519 1170; x_wconf 86' lang='lat' dir='ltr'>cf.</span> <span class='ocrx_word' id='word_1_137' title='bbox 1559 1143 1689 1184; x_wconf 82' lang='lat' dir='ltr'>supra</span> <span class='ocrx_word' id='word_1_138' title='bbox 1731 1143 1771 1184; x_wconf 90' lang='lat' dir='ltr'>p.</span> <span class='ocrx_word' id='word_1_139' title='bbox 1798 1128 1873 1171; x_wconf 57' lang='lat'>111.</span> <span class='ocrx_word' id='word_1_140' title='bbox 1944 1128 2038 1169; x_wconf 67' lang='lat' dir='ltr'>Non</span> <span class='ocrx_word' id='word_1_141' title='bbox 2084 1129 2216 1169; x_wconf 74' lang='lat' dir='ltr'>multo</span> <span class='ocrx_word' id='word_1_142' title='bbox 2260 1135 2353 1184; x_wconf 70' lang='lat' dir='ltr'>post</span> 
     </span>
     <span class='ocr_line' id='line_1_15' title="bbox 134 1197 2354 1254; baseline -0.001 -15"><span class='ocrx_word' id='word_1_143' title='bbox 134 1197 312 1239; x_wconf 88' lang='lat' dir='ltr'>Patiens</span> <span class='ocrx_word' id='word_1_144' title='bbox 336 1197 645 1253; x_wconf 77' lang='lat' dir='ltr'>Lugdunensis</span> <span class='ocrx_word' id='word_1_145' title='bbox 675 1198 904 1253; x_wconf 89' lang='lat' dir='ltr'>episcopus</span> <span class='ocrx_word' id='word_1_146' title='bbox 938 1198 1169 1239; x_wconf 89' lang='lat' dir='ltr'>eeclesiam</span> <span class='ocrx_word' id='word_1_147' title='bbox 1202 1212 1227 1238; x_wconf 92' lang='lat' dir='ltr'>a</span> <span class='ocrx_word' id='word_1_148' title='bbox 1256 1212 1301 1238; x_wconf 88' lang='lat' dir='ltr'>se</span> <span class='ocrx_word' id='word_1_149' title='bbox 1333 1197 1605 1239; x_wconf 82' lang='lat' dir='ltr'>aedificatam</span> <span class='ocrx_word' id='word_1_150' title='bbox 1635 1197 1854 1239; x_wconf 73' lang='lat' dir='ltr'>dedicavit</span> <span class='ocrx_word' id='word_1_151' title='bbox 1884 1197 1944 1254; x_wconf 88' lang='lat' dir='ltr'>(p.</span> <span class='ocrx_word' id='word_1_152' title='bbox 1975 1201 2041 1249; x_wconf 71' lang='lat'>:3:3,</span> <span class='ocrx_word' id='word_1_153' title='bbox 2068 1202 2146 1252; x_wconf 71' lang='grc'>113).</span> <span class='ocrx_word' id='word_1_154' title='bbox 2210 1198 2354 1238; x_wconf 66' lang='lat' dir='ltr'>Pestis</span> 
     </span>
     <span class='ocr_line' id='line_1_16' title="bbox 135 1266 2354 1323; baseline -0.001 -14"><span class='ocrx_word' id='word_1_155' title='bbox 135 1266 527 1310; x_wconf 80' lang='lat' dir='ltr'>hebdomadalibus</span> <span class='ocrx_word' id='word_1_156' title='bbox 560 1281 655 1308; x_wconf 90' lang='lat' dir='ltr'>cum</span> <span class='ocrx_word' id='word_1_157' title='bbox 691 1267 821 1308; x_wconf 88' lang='lat' dir='ltr'>etiam</span> <span class='ocrx_word' id='word_1_158' title='bbox 858 1266 1060 1308; x_wconf 86' lang='lat' dir='ltr'>Sidonius</span> <span class='ocrx_word' id='word_1_159' title='bbox 1093 1268 1349 1319; x_wconf 79' lang='lat' dir='ltr'>interesset,</span> <span class='ocrx_word' id='word_1_160' title='bbox 1389 1267 1597 1308; x_wconf 87' lang='lat' dir='ltr'>Faustum</span> <span class='ocrx_word' id='word_1_161' title='bbox 1631 1268 1952 1309; x_wconf 85' lang='lat' dir='ltr'>contionantem</span> <span class='ocrx_word' id='word_1_162' title='bbox 1987 1269 2164 1323; x_wconf 70' lang='lat' dir='ltr'>‘pariter</span> <span class='ocrx_word' id='word_1_163' title='bbox 2197 1269 2354 1309; x_wconf 77' lang='lat' dir='ltr'>erectis</span> 
     </span>
     <span class='ocr_line' id='line_1_17' title="bbox 135 1335 2356 1392; baseline -0 -13"><span class='ocrx_word' id='word_1_164' title='bbox 135 1337 335 1380; x_wconf 86' lang='lat' dir='ltr'>sensibus</span> <span class='ocrx_word' id='word_1_165' title='bbox 366 1337 632 1392; x_wconf 83' lang='lat' dir='ltr'>auribusque</span> <span class='ocrx_word' id='word_1_166' title='bbox 666 1335 869 1378; x_wconf 71' lang='lat' dir='ltr'>curvatis&#39;</span> <span class='ocrx_word' id='word_1_167' title='bbox 903 1335 1109 1378; x_wconf 83' lang='lat' dir='ltr'>audiebat</span> <span class='ocrx_word' id='word_1_168' title='bbox 1133 1337 1192 1392; x_wconf 86' lang='lat' dir='ltr'>(p.</span> <span class='ocrx_word' id='word_1_169' title='bbox 1218 1338 1307 1386; x_wconf 83' lang='lat'>152,</span> <span class='ocrx_word' id='word_1_170' title='bbox 1328 1336 1385 1390; x_wconf 91' lang='grc'>9).</span> <span class='ocrx_word' id='word_1_171' title='bbox 1428 1336 1531 1378; x_wconf 81' lang='lat' dir='ltr'>Solo</span> <span class='ocrx_word' id='word_1_172' title='bbox 1554 1337 1694 1392; x_wconf 91' lang='lat' dir='ltr'>patrio</span> <span class='ocrx_word' id='word_1_173' title='bbox 1720 1337 1928 1392; x_wconf 78' lang='lat' dir='ltr'>expulsus</span> <span class='ocrx_word' id='word_1_174' title='bbox 1955 1337 2012 1392; x_wconf 83' lang='lat' dir='ltr'>(p.</span> <span class='ocrx_word' id='word_1_175' title='bbox 2041 1340 2128 1378; x_wconf 73' lang='lat'>151.</span> <span class='ocrx_word' id='word_1_176' title='bbox 2156 1338 2221 1390; x_wconf 82' lang='grc'>19)</span> <span class='ocrx_word' id='word_1_177' title='bbox 2243 1338 2356 1378; x_wconf 77' lang='lat' dir='ltr'>cirea</span> 
     </span>
     <span class='ocr_line' id='line_1_18' title="bbox 135 1405 2355 1462; baseline -0 -14"><span class='ocrx_word' id='word_1_178' title='bbox 135 1421 172 1448; x_wconf 86' lang='lat' dir='ltr'>a.</span> <span class='ocrx_word' id='word_1_179' title='bbox 198 1408 280 1448; x_wconf 89' lang='grc'>475</span> <span class='ocrx_word' id='word_1_180' title='bbox 335 1405 536 1447; x_wconf 86' lang='lat' dir='ltr'>Sidonius</span> <span class='ocrx_word' id='word_1_181' title='bbox 588 1419 613 1446; x_wconf 92' lang='lat' dir='ltr'>a</span> <span class='ocrx_word' id='word_1_182' title='bbox 654 1405 815 1447; x_wconf 88' lang='lat' dir='ltr'>Fausto</span> <span class='ocrx_word' id='word_1_183' title='bbox 858 1405 957 1462; x_wconf 87' lang='lat' dir='ltr'>(IX,</span> <span class='ocrx_word' id='word_1_184' title='bbox 989 1406 1031 1459; x_wconf 88' lang='lat'>3)</span> <span class='ocrx_word' id='word_1_185' title='bbox 1075 1406 1244 1448; x_wconf 84' lang='lat' dir='ltr'>veniam</span> <span class='ocrx_word' id='word_1_186' title='bbox 1290 1406 1572 1461; x_wconf 82' lang='lat' dir='ltr'>epistularum</span> <span class='ocrx_word' id='word_1_187' title='bbox 1620 1421 1715 1447; x_wconf 87' lang='lat' dir='ltr'>raro</span> <span class='ocrx_word' id='word_1_188' title='bbox 1757 1406 1957 1447; x_wconf 84' lang='lat' dir='ltr'>datarum</span> <span class='ocrx_word' id='word_1_189' title='bbox 2001 1407 2172 1462; x_wconf 74' lang='lat' dir='ltr'>petivit,</span> <span class='ocrx_word' id='word_1_190' title='bbox 2219 1406 2355 1447; x_wconf 82' lang='lat' dir='ltr'>donee</span> 
     </span>
     <span class='ocr_line' id='line_1_19' title="bbox 137 1475 2355 1532; baseline -0.001 -14"><span class='ocrx_word' id='word_1_191' title='bbox 137 1479 286 1518; x_wconf 89' lang='lat' dir='ltr'>essent</span> <span class='ocrx_word' id='word_1_192' title='bbox 314 1476 508 1531; x_wconf 87' lang='lat' dir='ltr'>gentium</span> <span class='ocrx_word' id='word_1_193' title='bbox 544 1475 731 1517; x_wconf 89' lang='lat' dir='ltr'>motibus</span> <span class='ocrx_word' id='word_1_194' title='bbox 764 1475 920 1517; x_wconf 89' lang='lat' dir='ltr'>itinera</span> <span class='ocrx_word' id='word_1_195' title='bbox 955 1480 1173 1532; x_wconf 88' lang='lat' dir='ltr'>suspecta.</span> <span class='ocrx_word' id='word_1_196' title='bbox 1225 1476 1418 1517; x_wconf 83' lang='lat' dir='ltr'>Litterae</span> <span class='ocrx_word' id='word_1_197' title='bbox 1450 1489 1546 1516; x_wconf 84' lang='lat' dir='ltr'>cum</span> <span class='ocrx_word' id='word_1_198' title='bbox 1570 1475 1704 1517; x_wconf 86' lang='lat' dir='ltr'>Reios</span> <span class='ocrx_word' id='word_1_199' title='bbox 1738 1475 2031 1520; x_wconf 71' lang='lat' dir='ltr'>advenissent,</span> <span class='ocrx_word' id='word_1_200' title='bbox 2065 1476 2226 1516; x_wconf 75' lang='lat' dir='ltr'>Fausto</span> <span class='ocrx_word' id='word_1_201' title='bbox 2261 1491 2355 1531; x_wconf 82' lang='lat' dir='ltr'>pro-</span> 
     </span>
     <span class='ocr_line' id='line_1_20' title="bbox 133 1543 2356 1601; baseline -0.001 -14"><span class='ocrx_word' id='word_1_202' title='bbox 133 1545 248 1588; x_wconf 88' lang='lat' dir='ltr'>fecto</span> <span class='ocrx_word' id='word_1_203' title='bbox 289 1546 472 1601; x_wconf 90' lang='lat' dir='ltr'>Aptam,</span> <span class='ocrx_word' id='word_1_204' title='bbox 517 1559 658 1601; x_wconf 90' lang='lat' dir='ltr'>neque</span> <span class='ocrx_word' id='word_1_205' title='bbox 706 1545 760 1586; x_wconf 86' lang='lat' dir='ltr'>ad</span> <span class='ocrx_word' id='word_1_206' title='bbox 799 1559 897 1587; x_wconf 90' lang='lat' dir='ltr'>eum</span> <span class='ocrx_word' id='word_1_207' title='bbox 930 1545 1126 1601; x_wconf 87' lang='lat' dir='ltr'>perlatae</span> <span class='ocrx_word' id='word_1_208' title='bbox 1160 1548 1308 1586; x_wconf 87' lang='lat' dir='ltr'>essent</span> <span class='ocrx_word' id='word_1_209' title='bbox 1340 1543 1400 1600; x_wconf 79' lang='lat' dir='ltr'>(p.</span> <span class='ocrx_word' id='word_1_210' title='bbox 1432 1546 1521 1588; x_wconf 75' lang='lat'>156,</span> <span class='ocrx_word' id='word_1_211' title='bbox 1544 1546 1601 1599; x_wconf 79' lang='lat'>7),</span> <span class='ocrx_word' id='word_1_212' title='bbox 1636 1544 1790 1585; x_wconf 89' lang='lat' dir='ltr'>iterum</span> <span class='ocrx_word' id='word_1_213' title='bbox 1823 1545 1856 1585; x_wconf 89' lang='lat' dir='ltr'>is</span> <span class='ocrx_word' id='word_1_214' title='bbox 1886 1545 2089 1600; x_wconf 78' lang='lat' dir='ltr'>paginam</span> <span class='ocrx_word' id='word_1_215' title='bbox 2132 1545 2185 1585; x_wconf 89' lang='lat' dir='ltr'>ab</span> <span class='ocrx_word' id='word_1_216' title='bbox 2220 1546 2356 1585; x_wconf 65' lang='lat' dir='ltr'>anm-⁴»</span> 
     </span>
     <span class='ocr_line' id='line_1_21' title="bbox 134 1613 2359 1671; baseline -0.001 -15"><span class='ocrx_word' id='word_1_217' title='bbox 134 1614 302 1670; x_wconf 89' lang='lat' dir='ltr'>petivit.</span> <span class='ocrx_word' id='word_1_218' title='bbox 378 1613 447 1655; x_wconf 89' lang='lat' dir='ltr'>Ita</span> <span class='ocrx_word' id='word_1_219' title='bbox 489 1613 695 1656; x_wconf 83' lang='lat' dir='ltr'>Sidonius</span> <span class='ocrx_word' id='word_1_220' title='bbox 729 1629 796 1671; x_wconf 87' lang='lat' dir='ltr'>cp.</span> <span class='ocrx_word' id='word_1_221' title='bbox 827 1615 906 1663; x_wconf 86' lang='lat' dir='ltr'>IX,</span> <span class='ocrx_word' id='word_1_222' title='bbox 931 1616 955 1655; x_wconf 93' lang='grc'>9</span> <span class='ocrx_word' id='word_1_223' title='bbox 994 1614 1047 1655; x_wconf 88' lang='lat' dir='ltr'>ad</span> <span class='ocrx_word' id='word_1_224' title='bbox 1087 1628 1186 1655; x_wconf 89' lang='lat' dir='ltr'>eum</span> <span class='ocrx_word' id='word_1_225' title='bbox 1226 1614 1365 1655; x_wconf 89' lang='lat' dir='ltr'>altera</span> <span class='ocrx_word' id='word_1_226' title='bbox 1398 1613 1499 1654; x_wconf 88' lang='lat' dir='ltr'>data</span> <span class='ocrx_word' id='word_1_227' title='bbox 1532 1614 1665 1654; x_wconf 91' lang='lat' dir='ltr'>libros</span> <span class='ocrx_word' id='word_1_228' title='bbox 1705 1614 1797 1655; x_wconf 89' lang='lat' dir='ltr'>eius</span> <span class='ocrx_word' id='word_1_229' title='bbox 1841 1628 1886 1654; x_wconf 82' lang='lat' dir='ltr'>sc</span> <span class='ocrx_word' id='word_1_230' title='bbox 1922 1615 2139 1669; x_wconf 80' lang='lat' dir='ltr'>signifieat</span> <span class='ocrx_word' id='word_1_231' title='bbox 2173 1614 2359 1655; x_wconf 85' lang='lat' dir='ltr'>libenter</span> 
     </span>
     <span class='ocr_line' id='line_1_22' title="bbox 135 1682 2357 1740; baseline -0 -15"><span class='ocrx_word' id='word_1_232' title='bbox 135 1683 378 1740; x_wconf 89' lang='lat' dir='ltr'>accepisse:</span> <span class='ocrx_word' id='word_1_233' title='bbox 421 1682 593 1734; x_wconf 73' lang='lat' dir='ltr'>Venisti,</span> <span class='ocrx_word' id='word_1_234' title='bbox 617 1683 768 1739; x_wconf 89' lang='lat' dir='ltr'>inquit,</span> <span class='ocrx_word' id='word_1_235' title='bbox 791 1683 998 1737; x_wconf 69' lang='lat' dir='ltr'>nzaqister‚</span> <span class='ocrx_word' id='word_1_236' title='bbox 1025 1683 1067 1724; x_wconf 78' lang='lat' dir='ltr'>iu</span> <span class='ocrx_word' id='word_1_237' title='bbox 1091 1697 1243 1724; x_wconf 71' lang='lat' dir='ltr'>manus</span> <span class='ocrx_word' id='word_1_238' title='bbox 1266 1697 1378 1723; x_wconf 75' lang='lat' dir='ltr'>meus</span> <span class='ocrx_word' id='word_1_239' title='bbox 1395 1683 1454 1738; x_wconf 85' lang='lat' dir='ltr'>(p.</span> <span class='ocrx_word' id='word_1_240' title='bbox 1473 1685 1665 1738; x_wconf 76' lang='lat' dir='ltr'>15ss,17).</span> <span class='ocrx_word' id='word_1_241' title='bbox 1704 1683 1944 1725; x_wconf 80' lang='lat' dir='ltr'>Riochatus</span> <span class='ocrx_word' id='word_1_242' title='bbox 1969 1684 2080 1724; x_wconf 82' lang='lat' dir='ltr'>enim</span> <span class='ocrx_word' id='word_1_243' title='bbox 2105 1684 2284 1724; x_wconf 85' lang='lat' dir='ltr'>antistes</span> <span class='ocrx_word' id='word_1_244' title='bbox 2308 1699 2357 1724; x_wconf 85' lang='lat' dir='ltr'>ae</span> 
     </span>
     <span class='ocr_line' id='line_1_23' title="bbox 135 1751 2357 1809; baseline -0 -14"><span class='ocrx_word' id='word_1_245' title='bbox 135 1753 373 1795; x_wconf 91' lang='lat' dir='ltr'>monachus</span> <span class='ocrx_word' id='word_1_246' title='bbox 393 1752 556 1794; x_wconf 89' lang='lat' dir='ltr'>eumad</span> <span class='ocrx_word' id='word_1_247' title='bbox 573 1752 806 1794; x_wconf 83' lang='lat' dir='ltr'>Britannos</span> <span class='ocrx_word' id='word_1_248' title='bbox 823 1751 976 1793; x_wconf 84' lang='lat' dir='ltr'>Fausti</span> <span class='ocrx_word' id='word_1_249' title='bbox 994 1753 1214 1794; x_wconf 82' lang='lat' dir='ltr'>volumina</span> <span class='ocrx_word' id='word_1_250' title='bbox 1231 1753 1351 1793; x_wconf 90' lang='lat' dir='ltr'>iussu</span> <span class='ocrx_word' id='word_1_251' title='bbox 1372 1753 1463 1794; x_wconf 88' lang='lat' dir='ltr'>eius</span> <span class='ocrx_word' id='word_1_252' title='bbox 1485 1756 1678 1808; x_wconf 87' lang='lat' dir='ltr'>portaret</span> <span class='ocrx_word' id='word_1_253' title='bbox 1698 1756 1740 1793; x_wconf 92' lang='lat' dir='ltr'>et</span> <span class='ocrx_word' id='word_1_254' title='bbox 1759 1752 1871 1808; x_wconf 90' lang='lat' dir='ltr'>apud</span> <span class='ocrx_word' id='word_1_255' title='bbox 1889 1753 2092 1809; x_wconf 87' lang='lat' dir='ltr'>oppidum</span> <span class='ocrx_word' id='word_1_256' title='bbox 2113 1753 2357 1794; x_wconf 84' lang='lat' dir='ltr'>Arvernum</span> 
     </span>
     <span class='ocr_line' id='line_1_24' title="bbox 135 1821 2358 1878; baseline -0 -14"><span class='ocrx_word' id='word_1_257' title='bbox 135 1826 328 1864; x_wconf 90' lang='lat' dir='ltr'>moratus</span> <span class='ocrx_word' id='word_1_258' title='bbox 362 1826 494 1873; x_wconf 87' lang='lat' dir='ltr'>esset,</span> <span class='ocrx_word' id='word_1_259' title='bbox 528 1822 667 1864; x_wconf 90' lang='lat' dir='ltr'>donec</span> <span class='ocrx_word' id='word_1_260' title='bbox 699 1823 897 1878; x_wconf 82' lang='lat' dir='ltr'>gentium</span> <span class='ocrx_word' id='word_1_261' title='bbox 933 1823 1244 1863; x_wconf 85' lang='lat' dir='ltr'>concitatarum</span> <span class='ocrx_word' id='word_1_262' title='bbox 1279 1822 1433 1863; x_wconf 82' lang='lat' dir='ltr'>turbae</span> <span class='ocrx_word' id='word_1_263' title='bbox 1468 1821 1739 1874; x_wconf 89' lang='lat' dir='ltr'>sedarentur,</span> <span class='ocrx_word' id='word_1_264' title='bbox 1762 1822 1919 1864; x_wconf 88' lang='lat' dir='ltr'>deinde</span> <span class='ocrx_word' id='word_1_265' title='bbox 1944 1827 2041 1878; x_wconf 87' lang='lat' dir='ltr'>post</span> <span class='ocrx_word' id='word_1_266' title='bbox 2065 1822 2171 1864; x_wconf 87' lang='lat' dir='ltr'>duos</span> <span class='ocrx_word' id='word_1_267' title='bbox 2196 1827 2269 1863; x_wconf 90' lang='lat' dir='ltr'>aut</span> <span class='ocrx_word' id='word_1_268' title='bbox 2294 1822 2358 1863; x_wconf 86' lang='lat' dir='ltr'>his</span> 
     </span>
     <span class='ocr_line' id='line_1_25' title="bbox 134 1891 2358 1948; baseline 0 -16"><span class='ocrx_word' id='word_1_269' title='bbox 134 1891 319 1948; x_wconf 88' lang='lat' dir='ltr'>amplius</span> <span class='ocrx_word' id='word_1_270' title='bbox 342 1905 517 1934; x_wconf 88' lang='lat' dir='ltr'>menses</span> <span class='ocrx_word' id='word_1_271' title='bbox 541 1892 773 1934; x_wconf 88' lang='lat' dir='ltr'>abeuntem</span> <span class='ocrx_word' id='word_1_272' title='bbox 797 1906 895 1933; x_wconf 92' lang='lat' dir='ltr'>eum</span> <span class='ocrx_word' id='word_1_273' title='bbox 915 1892 1103 1933; x_wconf 89' lang='lat' dir='ltr'>viatores</span> <span class='ocrx_word' id='word_1_274' title='bbox 1127 1891 1300 1947; x_wconf 90' lang='lat' dir='ltr'>quidam</span> <span class='ocrx_word' id='word_1_275' title='bbox 1325 1892 1488 1947; x_wconf 88' lang='lat' dir='ltr'>scripta</span> <span class='ocrx_word' id='word_1_276' title='bbox 1511 1892 1585 1933; x_wconf 87' lang='lat' dir='ltr'>illa</span> <span class='ocrx_word' id='word_1_277' title='bbox 1609 1893 1719 1933; x_wconf 89' lang='lat' dir='ltr'>elam</span> <span class='ocrx_word' id='word_1_278' title='bbox 1747 1906 1893 1933; x_wconf 86' lang='lat' dir='ltr'>secum</span> <span class='ocrx_word' id='word_1_279' title='bbox 1917 1892 2029 1933; x_wconf 90' lang='lat' dir='ltr'>ferre</span> <span class='ocrx_word' id='word_1_280' title='bbox 2052 1892 2358 1948; x_wconf 75' lang='lat' dir='ltr'>prodidissent,</span> 
     </span>
     <span class='ocr_line' id='line_1_26' title="bbox 136 1959 2357 2018; baseline 0 -16"><span class='ocrx_word' id='word_1_281' title='bbox 136 1959 340 2003; x_wconf 87' lang='lat' dir='ltr'>Sidonius</span> <span class='ocrx_word' id='word_1_282' title='bbox 373 1961 621 2018; x_wconf 88' lang='lat' dir='ltr'>pernicibus</span> <span class='ocrx_word' id='word_1_283' title='bbox 655 1962 778 2018; x_wconf 90' lang='lat' dir='ltr'>equis</span> <span class='ocrx_word' id='word_1_284' title='bbox 812 1976 912 2003; x_wconf 89' lang='lat' dir='ltr'>eum</span> <span class='ocrx_word' id='word_1_285' title='bbox 948 1962 1169 2003; x_wconf 88' lang='lat' dir='ltr'>insecutus</span> <span class='ocrx_word' id='word_1_286' title='bbox 1202 1965 1280 2001; x_wconf 90' lang='lat' dir='ltr'>est.</span> <span class='ocrx_word' id='word_1_287' title='bbox 1347 1962 1609 2014; x_wconf 68' lang='lat' dir='ltr'>Qumse&#39;tum,</span> <span class='ocrx_word' id='word_1_288' title='bbox 1642 1962 1802 2017; x_wconf 74' lang='lat' dir='ltr'>inquit,</span> <span class='ocrx_word' id='word_1_289' title='bbox 1835 1960 2024 2002; x_wconf 67' lang='lat' dir='ltr'>‘columen</span> <span class='ocrx_word' id='word_1_290' title='bbox 2058 1962 2231 2009; x_wconf 71' lang='lat' dir='ltr'>invenio,</span> <span class='ocrx_word' id='word_1_291' title='bbox 2261 1976 2357 2013; x_wconf 71' lang='lat' dir='ltr'>pre-</span> 
     </span>
     <span class='ocr_line' id='line_1_27' title="bbox 135 2030 2357 2084; baseline -0 -12"><span class='ocrx_word' id='word_1_292' title='bbox 135 2030 261 2081; x_wconf 78' lang='lat' dir='ltr'>clueo,</span> <span class='ocrx_word' id='word_1_293' title='bbox 293 2030 447 2082; x_wconf 76' lang='lat' dir='ltr'>lectito,</span> <span class='ocrx_word' id='word_1_294' title='bbox 490 2044 678 2083; x_wconf 63' lang='lat' dir='ltr'>eateerpo,</span> <span class='ocrx_word' id='word_1_295' title='bbox 717 2031 906 2072; x_wconf 67' lang='lat' dir='ltr'>maxima</span> <span class='ocrx_word' id='word_1_296' title='bbox 945 2045 996 2072; x_wconf 61' lang='lat' dir='ltr'>ex</span> <span class='ocrx_word' id='word_1_297' title='bbox 1034 2031 1197 2084; x_wconf 60' lang='lat' dir='ltr'>magnis</span> <span class='ocrx_word' id='word_1_298' title='bbox 1245 2031 1387 2083; x_wconf 67' lang='lat' dir='ltr'>cupita</span> <span class='ocrx_word' id='word_1_299' title='bbox 1418 2030 1674 2083; x_wconf 59' lang='lat' dir='ltr'>defrustans.</span> <span class='ocrx_word' id='word_1_300' title='bbox 1709 2031 1858 2071; x_wconf 73' lang='lat' dir='ltr'>tribuit</span> <span class='ocrx_word' id='word_1_301' title='bbox 1888 2034 1925 2071; x_wconf 85' lang='lat' dir='ltr'>et</span> <span class='ocrx_word' id='word_1_302' title='bbox 1956 2031 2165 2082; x_wconf 71' lang='lat' dir='ltr'>quoddam</span> <span class='ocrx_word' id='word_1_303' title='bbox 2198 2031 2357 2071; x_wconf 59' lang='lat' dir='ltr'>dictare</span> 
     </span>
     <span class='ocr_line' id='line_1_28' title="bbox 135 2099 2358 2153; baseline -0 -12"><span class='ocrx_word' id='word_1_304' title='bbox 135 2099 335 2141; x_wconf 76' lang='lat' dir='ltr'>celeranti</span> <span class='ocrx_word' id='word_1_305' title='bbox 381 2099 618 2141; x_wconf 74' lang='lat' dir='ltr'>scribarum</span> <span class='ocrx_word' id='word_1_306' title='bbox 661 2100 900 2152; x_wconf 75' lang='lat' dir='ltr'>sequacitas</span> <span class='ocrx_word' id='word_1_307' title='bbox 939 2099 1128 2141; x_wconf 73' lang='lat' dir='ltr'>saltuosa</span> <span class='ocrx_word' id='word_1_308' title='bbox 1167 2099 1473 2152; x_wconf 73' lang='lat' dir='ltr'>compendium,</span> <span class='ocrx_word' id='word_1_309' title='bbox 1516 2101 1591 2152; x_wconf 73' lang='lat' dir='ltr'>qui</span> <span class='ocrx_word' id='word_1_310' title='bbox 1639 2099 2034 2152; x_wconf 36' lang='lat' dir='ltr'>(10›ula-elesemldmnt</span> <span class='ocrx_word' id='word_1_311' title='bbox 2075 2100 2208 2153; x_wconf 61' lang='lat' dir='ltr'>siquis</span> <span class='ocrx_word' id='word_1_312' title='bbox 2247 2100 2358 2152; x_wconf 64' lang='lat' dir='ltr'>quau</span> 
     </span>
     <span class='ocr_line' id='line_1_29' title="bbox 135 2168 2357 2225; baseline -0 -15"><span class='ocrx_word' id='word_1_313' title='bbox 135 2168 287 2211; x_wconf 76' lang='lat' dir='ltr'>litteris</span> <span class='ocrx_word' id='word_1_314' title='bbox 316 2183 401 2211; x_wconf 74' lang='lat' dir='ltr'>uon</span> <span class='ocrx_word' id='word_1_315' title='bbox 431 2169 624 2210; x_wconf 76' lang='lat' dir='ltr'>tenebant</span> <span class='ocrx_word' id='word_1_316' title='bbox 655 2169 715 2225; x_wconf 89' lang='lat' dir='ltr'>(p.</span> <span class='ocrx_word' id='word_1_317' title='bbox 746 2170 945 2224; x_wconf 80' lang='lat'>157,·19).</span> <span class='ocrx_word' id='word_1_318' title='bbox 1011 2169 1136 2217; x_wconf 87' lang='lat' dir='ltr'>Quod</span> <span class='ocrx_word' id='word_1_319' title='bbox 1168 2174 1314 2211; x_wconf 88' lang='lat' dir='ltr'>autem</span> <span class='ocrx_word' id='word_1_320' title='bbox 1347 2169 1521 2225; x_wconf 86' lang='lat' dir='ltr'>scripsit</span> <span class='ocrx_word' id='word_1_321' title='bbox 1559 2184 1604 2211; x_wconf 90' lang='lat' dir='ltr'>se</span> <span class='ocrx_word' id='word_1_322' title='bbox 1646 2184 1754 2225; x_wconf 89' lang='lat' dir='ltr'>opus</span> <span class='ocrx_word' id='word_1_323' title='bbox 1789 2169 2039 2224; x_wconf 89' lang='lat' dir='ltr'>bipertitum</span> <span class='ocrx_word' id='word_1_324' title='bbox 2088 2169 2165 2210; x_wconf 88' lang='lat' dir='ltr'>sub</span> <span class='ocrx_word' id='word_1_325' title='bbox 2200 2168 2357 2223; x_wconf 78' lang='lat' dir='ltr'>dialogi</span> 
     </span>
     <span class='ocr_line' id='line_1_30' title="bbox 142 2238 2357 2295; baseline -0 -16"><span class='ocrx_word' id='word_1_326' title='bbox 142 2238 386 2290; x_wconf 86' lang='lat' dir='ltr'>schemate,</span> <span class='ocrx_word' id='word_1_327' title='bbox 432 2239 512 2280; x_wconf 93' lang='lat' dir='ltr'>sub</span> <span class='ocrx_word' id='word_1_328' title='bbox 556 2253 785 2281; x_wconf 88' lang='lat' dir='ltr'>causarum</span> <span class='ocrx_word' id='word_1_329' title='bbox 826 2239 1020 2281; x_wconf 85' lang='lat' dir='ltr'>themate</span> <span class='ocrx_word' id='word_1_330' title='bbox 1065 2239 1427 2295; x_wconf 88' lang='lat' dir='ltr'>quadripertitum</span> <span class='ocrx_word' id='word_1_331' title='bbox 1463 2238 1521 2294; x_wconf 90' lang='lat' dir='ltr'>(p.</span> <span class='ocrx_word' id='word_1_332' title='bbox 1552 2240 1734 2294; x_wconf 76' lang='lat'>157,31)</span> <span class='ocrx_word' id='word_1_333' title='bbox 1768 2240 1951 2294; x_wconf 75' lang='lat' dir='ltr'>legisse,</span> <span class='ocrx_word' id='word_1_334' title='bbox 1995 2239 2189 2294; x_wconf 82' lang='lat' dir='ltr'>plerique</span> <span class='ocrx_word' id='word_1_335' title='bbox 2229 2239 2357 2280; x_wconf 88' lang='lat' dir='ltr'>talem</span> 
     </span>
     <span class='ocr_line' id='line_1_31' title="bbox 136 2307 2356 2365; baseline 0 -17"><span class='ocrx_word' id='word_1_336' title='bbox 136 2307 290 2349; x_wconf 86' lang='lat' dir='ltr'>Fausti</span> <span class='ocrx_word' id='word_1_337' title='bbox 328 2307 485 2349; x_wconf 90' lang='lat' dir='ltr'>librum</span> <span class='ocrx_word' id='word_1_338' title='bbox 517 2312 706 2350; x_wconf 89' lang='lat' dir='ltr'>aetatem</span> <span class='ocrx_word' id='word_1_339' title='bbox 745 2309 896 2351; x_wconf 89' lang='lat' dir='ltr'>tulisse</span> <span class='ocrx_word' id='word_1_340' title='bbox 928 2314 1223 2365; x_wconf 84' lang='lat' dir='ltr'>negaverunt:</span> <span class='ocrx_word' id='word_1_341' title='bbox 1264 2308 1540 2350; x_wconf 86' lang='lat' dir='ltr'>Bollandiani</span> <span class='ocrx_word' id='word_1_342' title='bbox 1570 2322 1685 2359; x_wconf 78' lang='lat' dir='ltr'>vero,</span> <span class='ocrx_word' id='word_1_343' title='bbox 1719 2308 1829 2349; x_wconf 88' lang='lat' dir='ltr'>Acta</span> <span class='ocrx_word' id='word_1_344' title='bbox 1867 2307 1943 2349; x_wconf 77' lang='lat' dir='ltr'>SS.</span> <span class='ocrx_word' id='word_1_345' title='bbox 1977 2308 2096 2363; x_wconf 79' lang='lat' dir='ltr'>Sept.</span> <span class='ocrx_word' id='word_1_346' title='bbox 2130 2312 2231 2349; x_wconf 88' lang='lat' dir='ltr'>tom.</span> <span class='ocrx_word' id='word_1_347' title='bbox 2256 2307 2356 2358; x_wconf 81' lang='lat' dir='ltr'>VII,</span> 
     </span>
     <span class='ocr_line' id='line_1_32' title="bbox 137 2376 2357 2433; baseline -0.001 -13"><span class='ocrx_word' id='word_1_348' title='bbox 137 2391 178 2433; x_wconf 92' lang='lat' dir='ltr'>p.</span> <span class='ocrx_word' id='word_1_349' title='bbox 202 2378 299 2429; x_wconf 79' lang='grc'>699,</span> <span class='ocrx_word' id='word_1_350' title='bbox 332 2377 465 2418; x_wconf 89' lang='lat' dir='ltr'>libros</span> <span class='ocrx_word' id='word_1_351' title='bbox 489 2376 541 2419; x_wconf 94' lang='lat' dir='ltr'>de</span> <span class='ocrx_word' id='word_1_352' title='bbox 573 2378 715 2433; x_wconf 87' lang='lat' dir='ltr'>gratia</span> <span class='ocrx_word' id='word_1_353' title='bbox 737 2377 806 2420; x_wconf 89' lang='lat' dir='ltr'>dei</span> <span class='ocrx_word' id='word_1_354' title='bbox 830 2382 872 2419; x_wconf 91' lang='lat' dir='ltr'>et</span> <span class='ocrx_word' id='word_1_355' title='bbox 899 2378 1037 2420; x_wconf 91' lang='lat' dir='ltr'>libero</span> <span class='ocrx_word' id='word_1_356' title='bbox 1061 2378 1238 2419; x_wconf 87' lang='lat' dir='ltr'>arbitrio</span> <span class='ocrx_word' id='word_1_357' title='bbox 1263 2377 1368 2418; x_wconf 91' lang='lat' dir='ltr'>duos</span> <span class='ocrx_word' id='word_1_358' title='bbox 1393 2377 1590 2432; x_wconf 81' lang='lat' dir='ltr'>intellegi</span> <span class='ocrx_word' id='word_1_359' title='bbox 1613 2378 1773 2418; x_wconf 88' lang='lat' dir='ltr'>volunt.</span> <span class='ocrx_word' id='word_1_360' title='bbox 1837 2376 1985 2418; x_wconf 84' lang='lat' dir='ltr'>Sancti</span> <span class='ocrx_word' id='word_1_361' title='bbox 2009 2377 2179 2419; x_wconf 82' lang='lat' dir='ltr'>Riacati</span> <span class='ocrx_word' id='word_1_362' title='bbox 2203 2391 2357 2418; x_wconf 88' lang='lat' dir='ltr'>nomen</span> 
     </span>
     <span class='ocr_line' id='line_1_33' title="bbox 138 2446 2358 2502; baseline 0 -15"><span class='ocrx_word' id='word_1_363' title='bbox 138 2447 182 2487; x_wconf 90' lang='lat' dir='ltr'>in</span> <span class='ocrx_word' id='word_1_364' title='bbox 225 2447 409 2488; x_wconf 88' lang='lat' dir='ltr'>vetustis</span> <span class='ocrx_word' id='word_1_365' title='bbox 454 2447 615 2488; x_wconf 88' lang='lat' dir='ltr'>litaniis</span> <span class='ocrx_word' id='word_1_366' title='bbox 652 2446 910 2502; x_wconf 86' lang='lat' dir='ltr'>Anglicanis</span> <span class='ocrx_word' id='word_1_367' title='bbox 953 2447 1170 2502; x_wconf 86' lang='lat' dir='ltr'>reperitur</span> <span class='ocrx_word' id='word_1_368' title='bbox 1221 2446 1472 2498; x_wconf 80' lang='lat' dir='ltr'>(Mabillon,</span> <span class='ocrx_word' id='word_1_369' title='bbox 1507 2446 1608 2488; x_wconf 84' lang='lat' dir='ltr'>Vct.</span> <span class='ocrx_word' id='word_1_370' title='bbox 1642 2447 1857 2488; x_wconf 86' lang='lat' dir='ltr'>Analecta</span> <span class='ocrx_word' id='word_1_371' title='bbox 1896 2446 1959 2498; x_wconf 75' lang='lat' dir='ltr'>II,</span> <span class='ocrx_word' id='word_1_372' title='bbox 2002 2461 2040 2502; x_wconf 88' lang='lat' dir='ltr'>p.</span> <span class='ocrx_word' id='word_1_373' title='bbox 2072 2448 2173 2500; x_wconf 76' lang='grc'>672)</span> <span class='ocrx_word' id='word_1_374' title='bbox 2219 2460 2358 2501; x_wconf 90' lang='lat' dir='ltr'>neque</span> 
     </span>
     <span class='ocr_line' id='line_1_34' title="bbox 136 2514 2349 2573; baseline -0 -16"><span class='ocrx_word' id='word_1_375' title='bbox 136 2515 360 2568; x_wconf 85' lang='lat' dir='ltr'>Mabillon,</span> <span class='ocrx_word' id='word_1_376' title='bbox 392 2516 460 2558; x_wconf 92' lang='lat' dir='ltr'>De</span> <span class='ocrx_word' id='word_1_377' title='bbox 493 2531 538 2559; x_wconf 94' lang='lat' dir='ltr'>re</span> <span class='ocrx_word' id='word_1_378' title='bbox 572 2517 675 2573; x_wconf 91' lang='lat' dir='ltr'>dipl.</span> <span class='ocrx_word' id='word_1_379' title='bbox 704 2519 826 2570; x_wconf 79' lang='lat'>1709,</span> <span class='ocrx_word' id='word_1_380' title='bbox 859 2532 900 2573; x_wconf 90' lang='lat' dir='ltr'>p.</span> <span class='ocrx_word' id='word_1_381' title='bbox 922 2519 989 2563; x_wconf 77' lang='lat'>52,</span> <span class='ocrx_word' id='word_1_382' title='bbox 1022 2517 1203 2558; x_wconf 85' lang='lat' dir='ltr'>dubitat.</span> <span class='ocrx_word' id='word_1_383' title='bbox 1238 2516 1340 2571; x_wconf 91' lang='lat' dir='ltr'>quin</span> <span class='ocrx_word' id='word_1_384' title='bbox 1372 2515 1439 2557; x_wconf 91' lang='lat' dir='ltr'>hic</span> <span class='ocrx_word' id='word_1_385' title='bbox 1473 2516 1529 2557; x_wconf 85' lang='lat' dir='ltr'>sit</span> <span class='ocrx_word' id='word_1_386' title='bbox 1571 2516 1802 2571; x_wconf 90' lang='lat' dir='ltr'>episcopus</span> <span class='ocrx_word' id='word_1_387' title='bbox 1844 2515 1878 2556; x_wconf 91' lang='lat' dir='ltr'>is</span> <span class='ocrx_word' id='word_1_388' title='bbox 1913 2514 1965 2556; x_wconf 93' lang='lat' dir='ltr'>dc</span> <span class='ocrx_word' id='word_1_389' title='bbox 2003 2529 2085 2570; x_wconf 92' lang='lat' dir='ltr'>quo</span> <span class='ocrx_word' id='word_1_390' title='bbox 2124 2515 2349 2571; x_wconf 90' lang='lat' dir='ltr'>loquimur.</span> 
     </span>
     <span class='ocr_line' id='line_1_35' title="bbox 137 2585 2349 2642; baseline -0.001 -16"><span class='ocrx_word' id='word_1_391' title='bbox 137 2585 299 2627; x_wconf 87' lang='lat' dir='ltr'>Fausto</span> <span class='ocrx_word' id='word_1_392' title='bbox 332 2589 477 2627; x_wconf 90' lang='lat' dir='ltr'>autem</span> <span class='ocrx_word' id='word_1_393' title='bbox 512 2585 685 2628; x_wconf 84' lang='lat' dir='ltr'>Sidonio</span> <span class='ocrx_word' id='word_1_394' title='bbox 718 2587 880 2628; x_wconf 90' lang='lat' dir='ltr'>seniori</span> <span class='ocrx_word' id='word_1_395' title='bbox 914 2585 973 2642; x_wconf 89' lang='lat' dir='ltr'>(p.</span> <span class='ocrx_word' id='word_1_396' title='bbox 1002 2588 1093 2638; x_wconf 83' lang='lat'>157,</span> <span class='ocrx_word' id='word_1_397' title='bbox 1125 2585 1165 2641; x_wconf 83' lang='lat'>1)</span> <span class='ocrx_word' id='word_1_398' title='bbox 1199 2590 1241 2626; x_wconf 92' lang='lat' dir='ltr'>et</span> <span class='ocrx_word' id='word_1_399' title='bbox 1273 2589 1417 2627; x_wconf 88' lang='lat' dir='ltr'>aetate</span> <span class='ocrx_word' id='word_1_400' title='bbox 1450 2586 1534 2626; x_wconf 87' lang='lat' dir='ltr'>iam</span> <span class='ocrx_word' id='word_1_401' title='bbox 1576 2589 1783 2642; x_wconf 84' lang='lat' dir='ltr'>provecto</span> <span class='ocrx_word' id='word_1_402' title='bbox 1816 2585 1874 2640; x_wconf 88' lang='lat' dir='ltr'>(p.</span> <span class='ocrx_word' id='word_1_403' title='bbox 1907 2587 1997 2637; x_wconf 66' lang='lat'>155),</span> <span class='ocrx_word' id='word_1_404' title='bbox 2023 2585 2064 2639; x_wconf 80' lang='lat'>5)</span> <span class='ocrx_word' id='word_1_405' title='bbox 2100 2589 2201 2625; x_wconf 92' lang='lat' dir='ltr'>tunc</span> <span class='ocrx_word' id='word_1_406' title='bbox 2235 2599 2349 2625; x_wconf 91' lang='lat' dir='ltr'>sum-</span> 
     </span>
     <span class='ocr_line' id='line_1_36' title="bbox 138 2657 746 2700; baseline 0.003 -3"><span class='ocrx_word' id='word_1_407' title='bbox 138 2669 256 2697; x_wconf 91' lang='lat' dir='ltr'>mum</span> <span class='ocrx_word' id='word_1_408' title='bbox 295 2657 456 2697; x_wconf 87' lang='lat' dir='ltr'>malum</span> <span class='ocrx_word' id='word_1_409' title='bbox 487 2657 746 2700; x_wconf 88' lang='lat' dir='ltr'>minabatur.</span> 
     </span>
    </p>

    <p class='ocr_par' dir='ltr' id='par_1_7' title="bbox 283 2721 2359 2776">
     <span class='ocr_line' id='line_1_37' title="bbox 283 2721 2359 2776; baseline -0.001 -10"><span class='ocrx_word' id='word_1_410' title='bbox 283 2725 412 2768; x_wconf 92' lang='lat' dir='ltr'>Anno</span> <span class='ocrx_word' id='word_1_411' title='bbox 436 2729 518 2768; x_wconf 78' lang='lat'>477</span> <span class='ocrx_word' id='word_1_412' title='bbox 551 2726 737 2768; x_wconf 85' lang='lat' dir='ltr'>Euricus</span> <span class='ocrx_word' id='word_1_413' title='bbox 770 2741 849 2768; x_wconf 73' lang='lat' dir='ltr'>rex</span> <span class='ocrx_word' id='word_1_414' title='bbox 872 2726 1050 2768; x_wconf 87' lang='lat' dir='ltr'>Arelate</span> <span class='ocrx_word' id='word_1_415' title='bbox 1085 2729 1128 2767; x_wconf 90' lang='lat' dir='ltr'>et</span> <span class='ocrx_word' id='word_1_416' title='bbox 1149 2724 1390 2766; x_wconf 86' lang='lat' dir='ltr'>Massiliam</span> <span class='ocrx_word' id='word_1_417' title='bbox 1432 2737 1536 2765; x_wconf 89' lang='lat' dir='ltr'>suae</span> <span class='ocrx_word' id='word_1_418' title='bbox 1570 2723 1728 2764; x_wconf 87' lang='lat' dir='ltr'>dicioni</span> <span class='ocrx_word' id='word_1_419' title='bbox 1761 2722 1952 2764; x_wconf 89' lang='lat' dir='ltr'>subdidit</span> <span class='ocrx_word' id='word_1_420' title='bbox 1984 2721 2225 2776; x_wconf 76' lang='lat' dir='ltr'>(Iordanes,</span> <span class='ocrx_word' id='word_1_421' title='bbox 2261 2722 2359 2765; x_wconf 88' lang='lat' dir='ltr'>Get.</span> 
     </span>
    </p>

    <p class='ocr_par' dir='ltr' id='par_1_8' title="bbox 139 2792 2360 3753">
     <span class='ocr_line' id='line_1_38' title="bbox 140 2792 2359 2852; baseline -0.001 -16"><span class='ocrx_word' id='word_1_422' title='bbox 140 2809 175 2836; x_wconf 89' lang='lat' dir='ltr'>e.</span> <span class='ocrx_word' id='word_1_423' title='bbox 199 2795 272 2850; x_wconf 90' lang='grc'>47)</span> <span class='ocrx_word' id='word_1_424' title='bbox 307 2800 540 2851; x_wconf 87' lang='lat' dir='ltr'>ceteraque</span> <span class='ocrx_word' id='word_1_425' title='bbox 564 2797 749 2838; x_wconf 89' lang='lat' dir='ltr'>castella</span> <span class='ocrx_word' id='word_1_426' title='bbox 777 2796 893 2852; x_wconf 89' lang='lat' dir='ltr'>cepit</span> <span class='ocrx_word' id='word_1_427' title='bbox 916 2794 1128 2851; x_wconf 83' lang='lat' dir='ltr'>(Severus</span> <span class='ocrx_word' id='word_1_428' title='bbox 1154 2794 1384 2850; x_wconf 76' lang='lat' dir='ltr'>SulpiciuS,</span> <span class='ocrx_word' id='word_1_429' title='bbox 1420 2793 1486 2835; x_wconf 91' lang='lat' dir='ltr'>ed.</span> <span class='ocrx_word' id='word_1_430' title='bbox 1510 2792 1852 2848; x_wconf 83' lang='lat' dir='ltr'>Holder-Egger</span> <span class='ocrx_word' id='word_1_431' title='bbox 1884 2807 1925 2848; x_wconf 93' lang='lat' dir='ltr'>p.</span> <span class='ocrx_word' id='word_1_432' title='bbox 1951 2792 2037 2847; x_wconf 84' lang='lat'>75).</span> <span class='ocrx_word' id='word_1_433' title='bbox 2100 2792 2221 2834; x_wconf 90' lang='lat' dir='ltr'>Inter</span> <span class='ocrx_word' id='word_1_434' title='bbox 2254 2792 2359 2833; x_wconf 86' lang='lat' dir='ltr'>haee</span> 
     </span>
     <span class='ocr_line' id='line_1_39' title="bbox 140 2861 2354 2921; baseline -0.002 -15"><span class='ocrx_word' id='word_1_435' title='bbox 140 2866 291 2920; x_wconf 89' lang='lat' dir='ltr'>procul</span> <span class='ocrx_word' id='word_1_436' title='bbox 324 2865 454 2907; x_wconf 92' lang='lat' dir='ltr'>dubio</span> <span class='ocrx_word' id='word_1_437' title='bbox 487 2865 692 2907; x_wconf 89' lang='lat' dir='ltr'>Reiensis</span> <span class='ocrx_word' id='word_1_438' title='bbox 727 2878 898 2921; x_wconf 90' lang='lat' dir='ltr'>quoque</span> <span class='ocrx_word' id='word_1_439' title='bbox 932 2865 1082 2906; x_wconf 89' lang='lat' dir='ltr'>civitas</span> <span class='ocrx_word' id='word_1_440' title='bbox 1116 2868 1229 2916; x_wconf 90' lang='lat' dir='ltr'>erat,</span> <span class='ocrx_word' id='word_1_441' title='bbox 1273 2876 1532 2918; x_wconf 90' lang='lat' dir='ltr'>quamquam</span> <span class='ocrx_word' id='word_1_442' title='bbox 1566 2862 1607 2902; x_wconf 91' lang='lat' dir='ltr'>id</span> <span class='ocrx_word' id='word_1_443' title='bbox 1641 2867 1848 2904; x_wconf 87' lang='lat' dir='ltr'>testatum</span> <span class='ocrx_word' id='word_1_444' title='bbox 1881 2876 1966 2902; x_wconf 92' lang='lat' dir='ltr'>non</span> <span class='ocrx_word' id='word_1_445' title='bbox 2000 2861 2227 2903; x_wconf 90' lang='lat' dir='ltr'>habemus.</span> <span class='ocrx_word' id='word_1_446' title='bbox 2292 2861 2354 2902; x_wconf 85' lang='lat' dir='ltr'>Eo</span> 
     </span>
     <span class='ocr_line' id='line_1_40' title="bbox 139 2930 2358 2990; baseline -0.002 -15"><span class='ocrx_word' id='word_1_447' title='bbox 139 2938 335 2990; x_wconf 88' lang='lat' dir='ltr'>tempore</span> <span class='ocrx_word' id='word_1_448' title='bbox 366 2935 577 2976; x_wconf 87' lang='lat' dir='ltr'>Faustum</span> <span class='ocrx_word' id='word_1_449' title='bbox 611 2948 781 2987; x_wconf 91' lang='lat' dir='ltr'>senem,</span> <span class='ocrx_word' id='word_1_450' title='bbox 821 2934 892 2990; x_wconf 91' lang='lat' dir='ltr'>qui</span> <span class='ocrx_word' id='word_1_451' title='bbox 928 2934 1059 2975; x_wconf 87' lang='lat' dir='ltr'>etiam</span> <span class='ocrx_word' id='word_1_452' title='bbox 1100 2936 1249 2974; x_wconf 88' lang='lat' dir='ltr'>contra</span> <span class='ocrx_word' id='word_1_453' title='bbox 1281 2932 1468 2973; x_wconf 87' lang='lat' dir='ltr'>Arianos</span> <span class='ocrx_word' id='word_1_454' title='bbox 1512 2930 1843 2987; x_wconf 81' lang='lat' dir='ltr'>disputavisset,</span> <span class='ocrx_word' id='word_1_455' title='bbox 1889 2930 1942 2972; x_wconf 93' lang='lat' dir='ltr'>ab</span> <span class='ocrx_word' id='word_1_456' title='bbox 1980 2930 2140 2971; x_wconf 85' lang='lat' dir='ltr'>Eurieo</span> <span class='ocrx_word' id='word_1_457' title='bbox 2174 2945 2276 2986; x_wconf 86' lang='lat' dir='ltr'>rege</span> <span class='ocrx_word' id='word_1_458' title='bbox 2318 2932 2358 2971; x_wconf 91' lang='lat' dir='ltr'>in</span> 
     </span>
     <span class='ocr_line' id='line_1_41' title="bbox 141 2999 2356 3060; baseline -0.002 -15"><span class='ocrx_word' id='word_1_459' title='bbox 141 3004 322 3045; x_wconf 82' lang='lat' dir='ltr'>exilium</span> <span class='ocrx_word' id='word_1_460' title='bbox 354 3004 527 3060; x_wconf 89' lang='lat' dir='ltr'>pulsum</span> <span class='ocrx_word' id='word_1_461' title='bbox 562 3018 662 3046; x_wconf 89' lang='lat' dir='ltr'>esse</span> <span class='ocrx_word' id='word_1_462' title='bbox 695 3005 858 3045; x_wconf 89' lang='lat' dir='ltr'>volunt.</span> <span class='ocrx_word' id='word_1_463' title='bbox 921 3002 1029 3044; x_wconf 85' lang='lat' dir='ltr'>Cum</span> <span class='ocrx_word' id='word_1_464' title='bbox 1064 3001 1266 3044; x_wconf 82' lang='lat' dir='ltr'>Sidonius</span> <span class='ocrx_word' id='word_1_465' title='bbox 1301 3000 1426 3041; x_wconf 90' lang='lat' dir='ltr'>huius</span> <span class='ocrx_word' id='word_1_466' title='bbox 1459 3001 1523 3042; x_wconf 91' lang='lat' dir='ltr'>rei</span> <span class='ocrx_word' id='word_1_467' title='bbox 1557 3001 1820 3042; x_wconf 89' lang='lat' dir='ltr'>mentionem</span> <span class='ocrx_word' id='word_1_468' title='bbox 1862 3001 2025 3041; x_wconf 88' lang='lat' dir='ltr'>nullam</span> <span class='ocrx_word' id='word_1_469' title='bbox 2058 2999 2230 3051; x_wconf 77' lang='lat' dir='ltr'>fecerit,</span> <span class='ocrx_word' id='word_1_470' title='bbox 2270 3001 2356 3041; x_wconf 88' lang='lat' dir='ltr'>for-</span> 
     </span>
     <span class='ocr_line' id='line_1_42' title="bbox 140 3068 2357 3130; baseline -0.002 -17"><span class='ocrx_word' id='word_1_471' title='bbox 140 3076 256 3115; x_wconf 83' lang='lat' dir='ltr'>tasse</span> <span class='ocrx_word' id='word_1_472' title='bbox 287 3073 331 3114; x_wconf 90' lang='lat' dir='ltr'>id</span> <span class='ocrx_word' id='word_1_473' title='bbox 362 3078 462 3130; x_wconf 91' lang='lat' dir='ltr'>post</span> <span class='ocrx_word' id='word_1_474' title='bbox 495 3074 588 3116; x_wconf 91' lang='lat' dir='ltr'>eius</span> <span class='ocrx_word' id='word_1_475' title='bbox 620 3077 803 3114; x_wconf 90' lang='lat' dir='ltr'>mortem</span> <span class='ocrx_word' id='word_1_476' title='bbox 835 3087 873 3114; x_wconf 89' lang='lat' dir='ltr'>a.</span> <span class='ocrx_word' id='word_1_477' title='bbox 900 3073 982 3113; x_wconf 84' lang='grc'>479</span> <span class='ocrx_word' id='word_1_478' title='bbox 1017 3071 1211 3126; x_wconf 86' lang='lat' dir='ltr'>contigit.</span> <span class='ocrx_word' id='word_1_479' title='bbox 1273 3069 1343 3110; x_wconf 83' lang='lat' dir='ltr'>Ex</span> <span class='ocrx_word' id='word_1_480' title='bbox 1384 3069 1515 3110; x_wconf 78' lang='lat' dir='ltr'>exilio</span> <span class='ocrx_word' id='word_1_481' title='bbox 1550 3069 1609 3125; x_wconf 82' lang='lat' dir='ltr'>(p.</span> <span class='ocrx_word' id='word_1_482' title='bbox 1636 3070 1737 3118; x_wconf 74' lang='lat'>282,</span> <span class='ocrx_word' id='word_1_483' title='bbox 1767 3071 1835 3124; x_wconf 87' lang='grc'>15)</span> <span class='ocrx_word' id='word_1_484' title='bbox 1868 3069 2058 3110; x_wconf 85' lang='lat' dir='ltr'>Faustus</span> <span class='ocrx_word' id='word_1_485' title='bbox 2091 3068 2261 3109; x_wconf 83' lang='lat' dir='ltr'>litteras</span> <span class='ocrx_word' id='word_1_486' title='bbox 2304 3068 2357 3109; x_wconf 88' lang='lat' dir='ltr'>ad</span> 
     </span>
     <span class='ocr_line' id='line_1_43' title="bbox 140 3138 2360 3198; baseline -0.001 -16"><span class='ocrx_word' id='word_1_487' title='bbox 140 3141 334 3184; x_wconf 86' lang='lat' dir='ltr'>Felicem</span> <span class='ocrx_word' id='word_1_488' title='bbox 377 3143 512 3184; x_wconf 91' lang='lat' dir='ltr'>filium</span> <span class='ocrx_word' id='word_1_489' title='bbox 560 3143 711 3198; x_wconf 86' lang='lat' dir='ltr'>Magni</span> <span class='ocrx_word' id='word_1_490' title='bbox 767 3143 979 3195; x_wconf 91' lang='lat' dir='ltr'>consulis,</span> <span class='ocrx_word' id='word_1_491' title='bbox 1027 3141 1290 3196; x_wconf 88' lang='lat' dir='ltr'>discipulum</span> <span class='ocrx_word' id='word_1_492' title='bbox 1338 3138 1512 3181; x_wconf 89' lang='lat' dir='ltr'>Leontii</span> <span class='ocrx_word' id='word_1_493' title='bbox 1562 3139 1836 3180; x_wconf 86' lang='lat' dir='ltr'>Arelatensis</span> <span class='ocrx_word' id='word_1_494' title='bbox 1897 3139 1957 3194; x_wconf 90' lang='lat' dir='ltr'>(p.</span> <span class='ocrx_word' id='word_1_495' title='bbox 1989 3139 2084 3189; x_wconf 63' lang='lat'>252,</span> <span class='ocrx_word' id='word_1_496' title='bbox 2120 3140 2191 3191; x_wconf 86' lang='grc'>26)</span> <span class='ocrx_word' id='word_1_497' title='bbox 2241 3138 2360 3179; x_wconf 90' lang='lat' dir='ltr'>dedit</span> 
     </span>
     <span class='ocr_line' id='line_1_44' title="bbox 141 3207 2358 3267; baseline -0.002 -16"><span class='ocrx_word' id='word_1_498' title='bbox 141 3209 251 3266; x_wconf 85' lang='lat' dir='ltr'>(FA.</span> <span class='ocrx_word' id='word_1_499' title='bbox 283 3211 427 3264; x_wconf 90' lang='lat' dir='ltr'>XVI),</span> <span class='ocrx_word' id='word_1_500' title='bbox 461 3212 619 3267; x_wconf 87' lang='lat' dir='ltr'>quibus</span> <span class='ocrx_word' id='word_1_501' title='bbox 651 3213 832 3254; x_wconf 89' lang='lat' dir='ltr'>formam</span> <span class='ocrx_word' id='word_1_502' title='bbox 864 3213 980 3253; x_wconf 86' lang='lat' dir='ltr'>vitae</span> <span class='ocrx_word' id='word_1_503' title='bbox 1014 3210 1339 3254; x_wconf 86' lang='lat' dir='ltr'>ecclesiasticae</span> <span class='ocrx_word' id='word_1_504' title='bbox 1378 3222 1476 3249; x_wconf 87' lang='lat' dir='ltr'>eum</span> <span class='ocrx_word' id='word_1_505' title='bbox 1517 3208 1676 3251; x_wconf 86' lang='lat' dir='ltr'>docuit.</span> <span class='ocrx_word' id='word_1_506' title='bbox 1738 3207 1903 3249; x_wconf 88' lang='lat' dir='ltr'>Eodem</span> <span class='ocrx_word' id='word_1_507' title='bbox 1936 3212 2131 3263; x_wconf 87' lang='lat' dir='ltr'>tempore</span> <span class='ocrx_word' id='word_1_508' title='bbox 2165 3208 2269 3248; x_wconf 91' lang='lat' dir='ltr'>item</span> <span class='ocrx_word' id='word_1_509' title='bbox 2304 3221 2358 3248; x_wconf 83' lang='lat' dir='ltr'>ex</span> 
     </span>
     <span class='ocr_line' id='line_1_45' title="bbox 142 3276 2359 3338; baseline -0.001 -18"><span class='ocrx_word' id='word_1_510' title='bbox 142 3280 274 3322; x_wconf 84' lang='lat' dir='ltr'>exilio</span> <span class='ocrx_word' id='word_1_511' title='bbox 321 3281 422 3323; x_wconf 84' lang='lat' dir='ltr'>data</span> <span class='ocrx_word' id='word_1_512' title='bbox 468 3286 535 3323; x_wconf 89' lang='lat' dir='ltr'>est</span> <span class='ocrx_word' id='word_1_513' title='bbox 584 3283 772 3338; x_wconf 91' lang='lat' dir='ltr'>epistula</span> <span class='ocrx_word' id='word_1_514' title='bbox 812 3282 903 3326; x_wconf 86' lang='lat' dir='ltr'>FA.</span> <span class='ocrx_word' id='word_1_515' title='bbox 937 3282 982 3323; x_wconf 93' lang='lat' dir='ltr'>II</span> <span class='ocrx_word' id='word_1_516' title='bbox 1026 3281 1081 3323; x_wconf 89' lang='lat' dir='ltr'>ad</span> <span class='ocrx_word' id='word_1_517' title='bbox 1118 3280 1362 3331; x_wconf 84' lang='lat' dir='ltr'>Ruricium,</span> <span class='ocrx_word' id='word_1_518' title='bbox 1405 3279 1525 3320; x_wconf 90' lang='lat' dir='ltr'>cuius</span> <span class='ocrx_word' id='word_1_519' title='bbox 1567 3292 1724 3334; x_wconf 83' lang='lat' dir='ltr'>magna</span> <span class='ocrx_word' id='word_1_520' title='bbox 1764 3292 1864 3334; x_wconf 88' lang='lat' dir='ltr'>pars</span> <span class='ocrx_word' id='word_1_521' title='bbox 1904 3291 2000 3318; x_wconf 88' lang='lat' dir='ltr'>cum</span> <span class='ocrx_word' id='word_1_522' title='bbox 2039 3276 2130 3317; x_wconf 85' lang='lat' dir='ltr'>FA.</span> <span class='ocrx_word' id='word_1_523' title='bbox 2164 3276 2272 3317; x_wconf 88' lang='lat' dir='ltr'>XVI</span> <span class='ocrx_word' id='word_1_524' title='bbox 2305 3277 2359 3318; x_wconf 89' lang='lat' dir='ltr'>ad</span> 
     </span>
     <span class='ocr_line' id='line_1_46' title="bbox 142 3345 2357 3407; baseline -0.002 -16"><span class='ocrx_word' id='word_1_525' title='bbox 142 3350 322 3392; x_wconf 90' lang='lat' dir='ltr'>verbum</span> <span class='ocrx_word' id='word_1_526' title='bbox 355 3352 571 3407; x_wconf 85' lang='lat' dir='ltr'>congruit:</span> <span class='ocrx_word' id='word_1_527' title='bbox 632 3352 689 3394; x_wconf 76' lang='lat' dir='ltr'>In</span> <span class='ocrx_word' id='word_1_528' title='bbox 718 3352 809 3402; x_wconf 75' lang='lat' dir='ltr'>leae,</span> <span class='ocrx_word' id='word_1_529' title='bbox 844 3352 994 3407; x_wconf 90' lang='lat' dir='ltr'>inquit,</span> <span class='ocrx_word' id='word_1_530' title='bbox 1027 3351 1163 3404; x_wconf 74' lang='lat' dir='ltr'>quiete</span> <span class='ocrx_word' id='word_1_531' title='bbox 1199 3362 1373 3402; x_wconf 68' lang='lat' dir='ltr'>mamm,</span> <span class='ocrx_word' id='word_1_532' title='bbox 1406 3349 1445 3389; x_wconf 73' lang='lat' dir='ltr'>si</span> <span class='ocrx_word' id='word_1_533' title='bbox 1480 3362 1774 3401; x_wconf 70' lang='lat' dir='ltr'>uynoseumus,</span> <span class='ocrx_word' id='word_1_534' title='bbox 1806 3347 2022 3388; x_wconf 67' lang='lat' dir='ltr'>vacatione</span> <span class='ocrx_word' id='word_1_535' title='bbox 2054 3345 2217 3396; x_wconf 70' lang='lat' dir='ltr'>domui,</span> <span class='ocrx_word' id='word_1_536' title='bbox 2260 3346 2357 3387; x_wconf 80' lang='lat' dir='ltr'>dum</span> 
     </span>
     <span class='ocr_line' id='line_1_47' title="bbox 141 3414 2357 3473; baseline -0.002 -13"><span class='ocrx_word' id='word_1_537' title='bbox 141 3432 266 3461; x_wconf 74' lang='lat' dir='ltr'>novos</span> <span class='ocrx_word' id='word_1_538' title='bbox 311 3420 416 3462; x_wconf 70' lang='lat' dir='ltr'>cives</span> <span class='ocrx_word' id='word_1_539' title='bbox 463 3421 704 3463; x_wconf 70' lang='lat' dir='ltr'>commercio</span> <span class='ocrx_word' id='word_1_540' title='bbox 751 3421 948 3462; x_wconf 68' lang='lat' dir='ltr'>caritatis</span> <span class='ocrx_word' id='word_1_541' title='bbox 986 3419 1275 3473; x_wconf 52' lang='lat' dir='ltr'>(alquirinus,</span> <span class='ocrx_word' id='word_1_542' title='bbox 1326 3419 1427 3459; x_wconf 78' lang='lat' dir='ltr'>dum</span> <span class='ocrx_word' id='word_1_543' title='bbox 1474 3418 1523 3459; x_wconf 78' lang='lat' dir='ltr'>de</span> <span class='ocrx_word' id='word_1_544' title='bbox 1573 3418 1884 3470; x_wconf 68' lang='lat' dir='ltr'>adquisitorum</span> <span class='ocrx_word' id='word_1_545' title='bbox 1929 3414 2065 3456; x_wconf 71' lang='lat' dir='ltr'>salute</span> <span class='ocrx_word' id='word_1_546' title='bbox 2116 3415 2357 3467; x_wconf 68' lang='lat' dir='ltr'>yuudemus,</span> 
     </span>
     <span class='ocr_line' id='line_1_48' title="bbox 142 3484 2359 3543; baseline -0.002 -14"><span class='ocrx_word' id='word_1_547' title='bbox 142 3489 253 3530; x_wconf 75' lang='lat' dir='ltr'>inter</span> <span class='ocrx_word' id='word_1_548' title='bbox 302 3489 402 3531; x_wconf 71' lang='lat' dir='ltr'>haec</span> <span class='ocrx_word' id='word_1_549' title='bbox 442 3491 578 3543; x_wconf 62' lang='lat' dir='ltr'>positi</span> <span class='ocrx_word' id='word_1_550' title='bbox 616 3491 723 3533; x_wconf 69' lang='lat' dir='ltr'>boue</span> <span class='ocrx_word' id='word_1_551' title='bbox 771 3491 992 3542; x_wconf 72' lang='lat' dir='ltr'>praesenti</span> <span class='ocrx_word' id='word_1_552' title='bbox 1038 3489 1297 3531; x_wconf 73' lang='lat' dir='ltr'>insultamus</span> <span class='ocrx_word' id='word_1_553' title='bbox 1337 3487 1461 3529; x_wconf 61' lang='lat' dir='ltr'>exilio</span> <span class='ocrx_word' id='word_1_554' title='bbox 1512 3490 1550 3528; x_wconf 90' lang='lat' dir='ltr'>et</span> <span class='ocrx_word' id='word_1_555' title='bbox 1590 3486 1785 3538; x_wconf 70' lang='lat' dir='ltr'>putrium</span> <span class='ocrx_word' id='word_1_556' title='bbox 1824 3500 1898 3526; x_wconf 77' lang='lat' dir='ltr'>uos</span> <span class='ocrx_word' id='word_1_557' title='bbox 1939 3498 2024 3525; x_wconf 71' lang='lat' dir='ltr'>nou</span> <span class='ocrx_word' id='word_1_558' title='bbox 2061 3484 2250 3525; x_wconf 59' lang='lat' dir='ltr'>(vulsisse</span> <span class='ocrx_word' id='word_1_559' title='bbox 2288 3484 2359 3524; x_wconf 73' lang='lat' dir='ltr'>sed</span> 
     </span>
     <span class='ocr_line' id='line_1_49' title="bbox 143 3553 2357 3614; baseline -0.002 -16"><span class='ocrx_word' id='word_1_560' title='bbox 143 3562 415 3600; x_wconf 58' lang='lat' dir='ltr'>commutasse</span> <span class='ocrx_word' id='word_1_561' title='bbox 460 3561 756 3614; x_wconf 71' lang='lat' dir='ltr'>eoyuoseimus.</span> <span class='ocrx_word' id='word_1_562' title='bbox 837 3559 1035 3601; x_wconf 88' lang='lat' dir='ltr'>Duarum</span> <span class='ocrx_word' id='word_1_563' title='bbox 1091 3573 1261 3614; x_wconf 88' lang='lat' dir='ltr'>quoque</span> <span class='ocrx_word' id='word_1_564' title='bbox 1311 3557 1645 3599; x_wconf 83' lang='lat' dir='ltr'>Rurieianarum</span> <span class='ocrx_word' id='word_1_565' title='bbox 1708 3555 1988 3611; x_wconf 88' lang='lat' dir='ltr'>epistularum</span> <span class='ocrx_word' id='word_1_566' title='bbox 2042 3553 2095 3594; x_wconf 89' lang='lat' dir='ltr'>ad</span> <span class='ocrx_word' id='word_1_567' title='bbox 2147 3553 2357 3594; x_wconf 88' lang='lat' dir='ltr'>Faustum</span> 
     </span>
     <span class='ocr_line' id='line_1_50' title="bbox 144 3622 2355 3685; baseline -0.004 -16"><span class='ocrx_word' id='word_1_568' title='bbox 144 3628 342 3670; x_wconf 87' lang='lat' dir='ltr'>datarum</span> <span class='ocrx_word' id='word_1_569' title='bbox 374 3628 444 3684; x_wconf 79' lang='lat' dir='ltr'>(R.</span> <span class='ocrx_word' id='word_1_570' title='bbox 477 3628 654 3685; x_wconf 83' lang='lat' dir='ltr'>I,1.2),</span> <span class='ocrx_word' id='word_1_571' title='bbox 687 3643 799 3684; x_wconf 88' lang='lat' dir='ltr'>quae</span> <span class='ocrx_word' id='word_1_572' title='bbox 833 3632 1025 3670; x_wconf 87' lang='lat' dir='ltr'>aetatem</span> <span class='ocrx_word' id='word_1_573' title='bbox 1057 3629 1271 3680; x_wconf 82' lang='lat' dir='ltr'>tulerunt,</span> <span class='ocrx_word' id='word_1_574' title='bbox 1319 3627 1455 3668; x_wconf 85' lang='lat' dir='ltr'>altera</span> <span class='ocrx_word' id='word_1_575' title='bbox 1504 3630 1622 3667; x_wconf 90' lang='lat' dir='ltr'>certe</span> <span class='ocrx_word' id='word_1_576' title='bbox 1671 3624 1724 3665; x_wconf 88' lang='lat' dir='ltr'>ad</span> <span class='ocrx_word' id='word_1_577' title='bbox 1772 3624 2024 3665; x_wconf 78' lang='lat' dir='ltr'>exulantem</span> <span class='ocrx_word' id='word_1_578' title='bbox 2065 3622 2227 3676; x_wconf 86' lang='lat' dir='ltr'>scripta</span> <span class='ocrx_word' id='word_1_579' title='bbox 2269 3625 2355 3661; x_wconf 89' lang='lat' dir='ltr'>est:</span> 
     </span>
     <span class='ocr_line' id='line_1_51' title="bbox 142 3689 2358 3753; baseline -0.004 -15"><span class='ocrx_word' id='word_1_580' title='bbox 142 3698 319 3747; x_wconf 71' lang='lat' dir='ltr'>veniam,</span> <span class='ocrx_word' id='word_1_581' title='bbox 351 3697 501 3753; x_wconf 87' lang='lat' dir='ltr'>inquit,</span> <span class='ocrx_word' id='word_1_582' title='bbox 535 3699 767 3751; x_wconf 74' lang='lat' dir='ltr'>deprecare,</span> <span class='ocrx_word' id='word_1_583' title='bbox 799 3701 848 3739; x_wconf 84' lang='lat' dir='ltr'>ut</span> <span class='ocrx_word' id='word_1_584' title='bbox 877 3713 998 3752; x_wconf 76' lang='lat' dir='ltr'>quem</span> <span class='ocrx_word' id='word_1_585' title='bbox 1028 3699 1076 3739; x_wconf 76' lang='lat' dir='ltr'>iu</span> <span class='ocrx_word' id='word_1_586' title='bbox 1097 3697 1327 3750; x_wconf 70' lang='lat' dir='ltr'>pereqm&#39;mt</span> <span class='ocrx_word' id='word_1_587' title='bbox 1344 3695 1496 3749; x_wconf 71' lang='lat' dir='ltr'>patria</span> <span class='ocrx_word' id='word_1_588' title='bbox 1518 3694 1704 3748; x_wconf 70' lang='lat' dir='ltr'>appellas</span> <span class='ocrx_word' id='word_1_589' title='bbox 1724 3693 1910 3742; x_wconf 80' lang='lat' dir='ltr'>liberum,</span> <span class='ocrx_word' id='word_1_590' title='bbox 1946 3691 1989 3732; x_wconf 78' lang='lat' dir='ltr'>iu</span> <span class='ocrx_word' id='word_1_591' title='bbox 2010 3691 2193 3743; x_wconf 66' lang='lat' dir='ltr'>propriu</span> <span class='ocrx_word' id='word_1_592' title='bbox 2214 3689 2358 3742; x_wconf 65' lang='lat' dir='ltr'>possis</span> 
     </span>
    </p>
   </div>
   <div class='ocr_carea' id='block_1_3' title="bbox 283 3780 2083 3825">
    <p class='ocr_par' dir='ltr' id='par_1_9' title="bbox 283 3780 2083 3825">
     <span class='ocr_line' id='line_1_52' title="bbox 283 3780 2083 3825; baseline 0.007 0"><span class='ocrx_word' id='word_1_593' title='bbox 283 3789 452 3825; x_wconf 76' lang='lat' dir='ltr'>Summus.</span> <span class='ocrx_word' id='word_1_594' title='bbox 2059 3780 2083 3814; x_wconf 79' lang='lat' dir='ltr'><strong>h</strong></span> 
     </span>
    </p>
   </div>
  </div>
 </body>
</html>
