2583 4011
1144 203 1202 238 ET
1231 204 1561 241 LOCU'I'IONUM.

2375 214 2456 253 475

294 329 377 354 arce
420 317 525 364 regni
570 329 739 364 praeesse
788 317 918 353 officiis
970 317 1044 353 tuis
1090 319 1235 354 solebat
1281 322 1319 355 G.
1355 325 1357 359 Ι
1393 321 1570 365 quicquid
1588 321 2004 358 adverbialiter:Multis
2022 324 2172 368 quidem
2192 324 2350 359 vinculis
2364 326 2457 360 cari·

294 375 418 410 XXIII
435 376 514 410 217.

248 433 527 479 purpurissatas
556 432 690 468 13423.

249 490 501 536 pusillanimis
528 490 638 529 1243.

247 548 400 594 putidus
427 561 434 582 :
466 547 557 582 facit
594 546 735 592 ambigi
775 546 955 592 putidior,
994 547 1234 582 teumleutior
1270 560 1316 582 an

293 605 536 640 facinorosior
561 605 796 640 existimetur
818 605 933 646 4925.

247 674 386 708 pyrgus
411 663 524 703 41‚13.
551 662 664 703 9021.
693 662 827 702 144‚10.

245 719 507 765 quadratarius
531 720 622 760 48‚7.

247 776 544 822 quadruplator:
571 777 610 811 111
637 778 741 818 sunt,
772 776 835 822 qui
870 776 1040 812 invident
1067 805 1074 812 .
1090 805 1097 812 .
1114 805 1121 813 .
1150 777 1315 823 port-oria

289 834 647 879 quadruplatoribus
671 835 786 875 82,16.

242 894 418 936 quaestor
443 892 556 933 8820.
584 892 620 927 C.
649 892 733 928 127.
760 892 798 928 C.
825 892 855 927 V
872 893 948 928 123.
974 893 1052 928 570.

242 949 476 994 quaestorius
495 963 502 984 ε
530 950 652 985 dicere
678 950 822 985 solebat
848 950 903 984 vir
925 950 1115 985 litteratus
1132 952 1246 994 atquc
1267 949 1312 983 ob

289 1008 433 1053 ingenii
451 1008 586 1043 merita
605 1008 839 1052 quaestorius
857 1008 975 1050 37‚19;
1002 1007 1214 1052 quaestorio
1235 1007 1312 1042 viro

288 1066 472 1101 Domnulo
498 1066 634 1105 232,10.

241 1124 436 1169 qualiter:
469 1123 614 1158 invenis
743 1123 906 1168 qualiter
942 1123 1123 1158 honorum
1163 1125 1311 1157 tuorum

287 1183 427 1218 crescat
453 1180 710 1216 communione
736 1181 929 1226 fastigium
954 1182 1050 1222 272:
1077 1192 1173 1225 quae
1191 1180 1312 1225 quali-

286 1242 388 1275 terve
414 1239 490 1274 sint
515 1238 711 1274 obicienda
734 1239 848 1282 28,14.

240 1309 352 1342 quam
372 1324 378 1332 .
396 1325 402 1332 .
419 1325 425 1331 .
445 1299 520 1331 tam
539 1309 546 1331 :
575 1297 751 1332 initiatae
777 1308 842 1342 per
867 1299 904 1331 te
922 1296 1147 1341 ubicumque
1165 1296 1311 1339 gratiae

286 1355 440 1400 longum
466 1354 536 1390 tibi
555 1354 823 1390 redhibeantur
839 1366 951 1400 quam
969 1354 1215 1389 fundamenta
1233 1356 1310 1389 tam

285 1412 450 1447 culmina
471 1413 568 1454 41,3;
594 1413 623 1448 si
643 1425 755 1458 quam
774 1415 927 1458 paratus
945 1412 1136 1447 invenitur
1155 1414 1311 1457 emptor,

285 1469 457 1506 venditor
494 1472 571 1504 tam
610 1470 826 1516 desperatus
858 1470 1090 1505 inveniretur
1123 1471 1239 1513 108,4;
1281 1470 1309 1504 si

285 1527 391 1563 nobis
428 1527 655 1563 haberentur
692 1540 804 1573 quam
842 1527 1032 1562 territoria
1071 1527 1195 1563 vicina
1233 1531 1309 1562 tam

284 1585 435 1621 moenia
462 1585 596 1628 111,32.

237 1655 464 1689 quamquam
500 1643 698 1687 saepissime
731 1654 810 1678 oum
840 1643 1066 1679 conimwtiro
1103 1644 1211 1678 veluti
1243 1644 1309 1684 35.

284 1702 395 1742 1727.
425 1701 541 1741 4526.
572 1701 664 1744 58‚7.
695 1701 809 1743 6426.
844 1702 932 1743 7552.
965 1701 1053 1743 78,9.
1079 1701 1170 1737 81.8.
1196 1702 1309 1742 8521.

281 1759 396 1800 96‚11.
422 1759 556 1801 106,19.
584 1758 720 1799 10824.
748 1758 883 1801 10923.
914 1759 1026 1800 1235
1055 1759 1168 1800 1252.
1197 1759 1308 1800 133,5.

282 1816 394 1858 138‚5.
421 1817 556 1858 14124.
586 1816 696 1852 1429.
727 1817 838 1858 149,6.
865 1818 932 1852 168
946 1828 973 1851 v.
992 1817 1043 1851 12.
1068 1816 1106 1851 C.
1131 1816 1211 1851 114.
1230 1816 1308 1850 214.

281 1874 407 1910 V446.
445 1873 584 1909 V1190.
623 1874 757 1910 ΧΙΙΙ5.
794 1874 880 1908 XVI
894 1873 949 1909 97.
987 1874 1110 1908 XXIII
1126 1874 1181 1909 34.

235 1931 408 1977 quamvis
432 1943 512 1967 cum
536 1931 754 1967 indicativo:
781 1932 819 1967 C.
846 1932 951 1967 XXII
968 1933 1045 1967 111.

235 1989 460 2034 quandoque
479 1991 536 2034 (z
552 1989 766 2035 aliquamlo)
786 1990 896 2031 10‚10.
916 1990 1026 2031 95‚13.
1046 1990 1156 2032 1095.
1173 1990 1307 2034 122,13.

234 2047 367 2092 quanti
388 2075 413 2083 ..
426 2076 433 2083 .
452 2047 551 2082 tanti
570 2049 628 2092 (=
643 2051 728 2093 quot
801 2049 862 2091 tot)
880 2061 887 2082 :
911 2047 1155 2093 intellegetis,
1175 2048 1307 2093 quanti

280 2105 449 2150 subrepti
465 2108 552 2140 sunt
567 2106 743 2152 episcopi,
760 2107 950 2141 tantorum
966 2105 1070 2141 vobis
1084 2106 1307 2151 populorum

277 2163 387 2198 fidem
414 2163 712 2208 periclitaturam
741 2165 875 2206 110,10.
902 2185 946 2189 —
971 2166 1029 2199 tot
1056 2191 1085 2199 ..
1102 2192 1109 2199 .
1136 2166 1305 2209 quanta:

278 2220 457 2266 suffragia
481 2223 540 2256 tot
566 2224 654 2257 sunt
679 2224 822 2267 quanta
846 2221 942 2267 legit
968 2221 1126 2257 mundus
1145 2223 1182 2257 C.
1200 2222 1235 2257 ΙΙ
1251 2224 1305 2257 22.

231 2279 472 2324 [quantocius
498 2279 542 2314 R.
567 2280 719 2325 319‚11].

233 2337 620 2382 quantuluscumque:
640 2350 798 2383 (1110111111
818 2337 848 2373 si
866 2339 962 2373 forte
979 2337 1168 2383 responsio
1188 2348 1305 2382 quan-

276 2395 562 2440 tulumcumque
587 2397 716 2439 (neuton
737 2396 832 2441 adr.)
859 2396 905 2431 ad
930 2396 1165 2441 interrogata
1190 2395 1305 2440 trepi-

278 2453 426 2488 daverit
451 2454 587 2496 151,13.

231 2522 532 2556 quaquaversum
559 2525 566 2546 :
601 2511 715 2547 variis
753 2522 1051 2556 quaquaversum
1094 2510 1304 2557 fragoribus

278 2569 413 2613 151,19.

230 2627 337 2672 quasi
362 2627 593 2662 coniunctum
624 2637 705 2662 cam
728 2626 973 2662 substantii-o:
999 2626 1121 2662 dicere
1147 2626 1302 2669 solebas,

276 2696 505 2730 quamquam
522 2684 699 2730 fatigans,
718 2685 817 2729 quod
833 2695 953 2719 meam
968 2684 1075 2729 quasi
1088 2685 1301 2720 facundiam

277 2753 444 2778 vererere
470 2743 582 2786 61,31.

230 2808 417 2851 quatenus
454 2817 481 2842 c.
515 2805 736 2841 coniuncta-o
766 2818 773 2839 ε

277 2864 456 2909 quatinus
482 2864 596 2905 2322.
636 2872 645 2879 ·

230 2928 315 2973 quia
345 2929 404 2972 (=
429 2927 536 2972 qnod)
568 2927 639 2962 loco
663 2926 856 2961 accusativi
887 2937 967 2961 enm
991 2927 1122 2970 infim:
1149 2931 1215 2964 aut
1239 2941 1301 2964 ne-

275 2986 355 3027 scis,
374 2985 463 3030 quia
479 2985 631 3031 garrulo
656 2995 731 3020 non
749 2983 972 3029 respondere
987 2985 1193 3021 convicium
1216 2989 1272 3023 est
1284 2990 1301 3023 ἱ)

274 3044 394 3086 44,27;
426 3045 548 3085 taceo,
582 3042 671 3087 quia
702 3041 842 3077 decidit
874 3042 993 3078 honor
1025 3044 1162 3078 umeris
1187 3046 1301 3088 50,12,

811 2805 903 2847 453.
949 2806 1059 2847 141‚1.
1098 2807 1223 2847 147,17
1260 2807 1301 2850 cf.

273 3105 356 3138 item
381 3113 462 3137 cum
485 3100 730 3136 commeta-o:
758 3099 972 3141 ostenditis,
1006 3101 1095 3145 quia
1121 3103 1301 3138 terminus
1334 3089 1337 3136 l

275 3160 442 3208 potuerit
473 3159 562 3205 poni
595 3160 740 3193 vestrae
766 3158 916 3203 quidem
943 3159 1105 3204 regioni,
1137 3160 1199 3195 sed
1225 3173 1300 3196 non

274 3219 441 3265 potuerit
466 3216 617 3254 caritati
643 3217 784 3257 108‚19;
809 3217 1050 3261 persuadebis
1075 3217 1178 3259 mihi,
1210 3219 1299 3263 quia

275 3278 454 3312 cantuum
476 3275 615 3311 similes
631 3273 772 3310 fuerint
789 3274 1016 3310 olorinorum
1036 3276 1174 3317 135,2Ο;
1204 3276 1300 3321 [post

275 3335 422 3370 credere
450 3345 529 3370 omn
559 3333 634 3368 incl.
668 3333 712 3367 R.
744 3332 864 3374 3152,
899 3332 980 3367 item
1007 3336 1087 3376 post
1117 3344 1224 3368 nosse
1258 3334 1297 3369 F.

273 3393 406 3438 285,8].
447 3396 534 3437 post
566 3402 700 3436 queror
724 3403 731 3425 ε
763 3389 879 3425 libere
904 3401 1055 3435 queror,
1081 3401 1157 3425 non
1181 3390 1298 3426 insul-

274 3450 422 3493 tatorie,
440 3450 530 3495 quia
546 3449 712 3484 fidelium
730 3448 886 3483 consilia
903 3447 1112 3493 despiciens
1125 3448 1297 3484 fortunae

274 3507 478 3542 ludibrium
503 3519 570 3553 per
594 3507 720 3543 omnia
744 3506 819 3541 fuit·
845 3507 920 3548 10,7
946 3506 991 3549 cf.
1017 3505 1127 3550 quod.

368 3565 458 3610 quia
493 3569 523 3600 et
559 3565 659 3610 quod
693 3565 888 3600 coniuncta
914 3576 922 3598 :
956 3575 1031 3598 non
1068 3563 1167 3608 quod
1203 3563 1296 3598 mihi

275 3623 424 3669 placeat
457 3633 557 3658 error
670 3623 734 3658 sed
759 3622 849 3667 quia
874 3650 882 3658 .
899 3650 928 3659 ..
955 3622 1063 3657 decet
1090 3622 1226 3662 10026.
1251 3641 1296 3645 —

275 3692 355 3715 cnm
373 3680 594 3715 coniunctim
611 3693 619 3715 :
643 3680 732 3726 quia
748 3681 888 3716 faceret
904 3679 1071 3715 dictandi
1091 3678 1296 3715 desuetudo

275 3739 537 3775 difficultatem
560 3740 640 3784 63,9
665 3740 709 3784 cf.
737 3740 848 3783 1002.
875 3739 988 3785 122,1.
1016 3737 1149 3781 15627.

1439 378 1528 411 tatis
1559 378 1606 412 ab
1641 379 1794 414 incunte
1827 380 1988 424 pucritia
2013 381 2192 426 quicquid
2219 383 2387 417 venimus
2419 383 2456 417 in

1438 434 1670 469 iuventutem
1704 436 1849 480 gratiae
1881 450 1958 471 5050
1990 441 2142 473 mutuae
2168 451 2255 474 cura
2278 445 2457 475 nexuerat

1435 492 1516 534 392
1541 493 1596 534 (cll
1624 493 1700 527 Lir.
1725 497 1824 537 πίω.)

1390 548 1614 593 quicumque
1628 560 1655 584 c.
1668 551 1910 586 coniunctio-o:
1930 552 2016 587 dein
2031 566 2285 599 quaecumque
2301 555 2451 589 dixisset

1436 606 1608 651 protinus
1645 608 1883 643 reluctantim
1921 610 2218 653 syllogismorum
2255 613 2455 647 contrarie-

1436 664 1578 699 tatibus
1604 665 1881 710 excipicbamus
1907 668 2017 707 0220.

1388 722 1536 766 quidem
1557 736 1564 757 ε
1591 734 1737 767 egresso
1758 723 1849 758 mibi
1871 724 2131 760 Rhodanusiae
2151 729 2297 761 nostrae
2316 727 2454 761 moeni-

1435 779 1502 814 bus
1529 781 1699 826 publicus
1725 793 1851 816 cursus
1879 782 1958 816 usui
1986 783 2059 817 fuit
2085 786 2213 828 utpote
2240 785 2351 818 5110115
2376 785 2455 829 :ipi-

1434 838 1537 873 cibus
1563 839 1700 880 accito,
1728 841 1765 873 et
1790 839 1940 884 quidem
1969 852 2032 884 per
2057 840 2247 875 domicilia
2273 842 2453 876 sodalium

1433 896 1800 942 propinquorumque
1819 898 1915 939 6‚14;
1943 897 2101 932 dicerem
2130 901 2165 932 ct
2185 910 2293 933 cenas
2319 902 2357 933 vt
2374 900 2454 943 qui-

1432 954 1514 988 dem
1542 954 1778 990 unctissimas
1804 956 1923 996 3225:
1951 956 2107 990 multum
2136 958 2172 990 tc
2197 969 2383 993 amamus:
2419 960 2450 990 vl

1432 1012 1582 1056 quidem
1611 1013 1761 1047 1111111500
1781 1013 1993 1048 dilectionis
2020 1025 2092 1048 non
2119 1016 2175 1048 cst
2193 1025 2364 1048 0110110115
2390 1018 2456 1048 aul.

1432 1070 1609 1104 fortuitus
1628 1071 1781 1105 affectus·
1799 1072 1918 1111 8:326:
1941 1071 1970 1105 si
1989 1072 2151 1116 quando.
2170 1083 2266 1106 nunc
2285 1084 2455 1106 maxum·-

1432 1128 1606 1162 Arvernis
1646 1129 1736 1163 meis
1768 1129 2007 1169 desideraris,
2048 1129 2183 1173 quibus
2215 1129 2368 1164 (11100110
2401 1130 2452 1163 tui

1431 1185 1590 1220 immane
1617 1186 1841 1231 dominatur,
1869 1189 1906 1221 et
1932 1187 2082 1231 quidem
2112 1187 2385 1232 multiplicibus
2412 1200 2452 1221 vx

1431 1243 1550 1278 causis
1575 1244 1665 1282 41,‹3.

1384 1301 1556 1346 quippe:
1589 1301 1728 1347 quippe.
1761 1314 1842 1337 cum
1876 1314 1903 1337 c.
1935 1303 2128 1338 indicativo
2159 1303 2279 1347 64,10;
2321 1315 2348 1339 c.
2375 1314 2454 1338 con-

1431 1359 1583 1393 iunctim
1607 1360 1710 1400 8‹;‚13
1734 1361 1779 1402 cs.
1806 1372 1887 1394 cum
1914 1360 2054 1405 quippe
2079 1360 2272 1395 dolentum
2292 1361 2446 1395 maxima

1431 1428 1515 1461 pars
1542 1417 1653 1451 fueris
1679 1417 1716 1452 C.
1744 1417 1972 1453 111534.-

1521 1474 1660 1519 quippe
1699 1486 1791 1519 quos
1825 1475 1996 1510 bellicum
2035 1476 2284 1520 militarisque
2317 1478 2451 1510 10550111

1432 1531 1523 1566 terit
1549 1532 1683 1573 133‚13.

1522 1589 1663 1635 quippe
1706 1605 1747 1618 =
1788 1593 1907 1634 utpote
1950 1591 2053 1626 relati
2095 1603 2176 1626 cum
2219 1591 2257 1626 in
2300 1603 2453 1626 examen

1428 1646 1575 1682 aurium
1601 1649 1751 1682 tuarum
1776 1648 1916 1693 quippe
1942 1649 2102 1694 scriptus
2128 1648 2327 1683 adducitur
2351 1650 2449 1684 :3421

1429 1706 1476 1748 cf.
1503 1707 1614 1741 6545.
1641 1706 1754 1747 8024.
1783 1706 1917 1747 13020.
1946 1707 2080 1751 152,st

1383 1762 1411 1797 si
1448 1763 1531 1808 quis
1562 1774 1642 1798 cum
1673 1768 1694 1798 2
1718 1774 1872 1808 persona
1903 1764 1991 1808 sina.
2022 1764 2278 1799 coniunctum:
2306 1765 2335 1799 51
2370 1765 2452 1809 quis

1429 1821 1626 1856 Avitacum
1659 1821 1828 1866 dignaris
1864 1821 1981 1856 visere
2017 1824 2181 1856 nostram
2216 1823 2252 1857 C.
2280 1822 2452 1859 XVIIII:

1427 1879 1455 1913 si
1471 1879 1553 1923 quis
1567 1879 1728 1925 Burgum
1745 1879 1927 1914 taciturus
1939 1879 2052 1914 adisti
2064 1880 2168 1914 XXII
2179 1882 2200 1915 6
2216 1880 2273 1923 (cf.
2291 1891 2370 1915 rers.
2385 1885 2450 1924 10).

1381 1937 1428 1982 [si
1456 1937 1654 1982 quisquam
1681 1936 1719 1972 F.
1745 1937 1897 1982 293,34].

1380 1995 1538 2040 quisque
1573 1997 1631 2038 (=
1664 1994 1888 2039 quicumque)
1920 2008 1927 2029 :
1965 1997 2005 2029 at
2044 1997 2101 2036 tu.
2140 1995 2298 2041 quisque
2336 1995 2449 2035 doles,

1423 2053 1541 2088 amice
1567 2053 1684 2088 lector
1701 2054 1745 2088 63
1762 2066 1793 2088 V.
1812 2054 1873 2088 22:
1900 2053 1955 2088 ita
1980 2053 2102 2094 fiebat,
2129 2056 2171 2088 ut
2197 2053 2342 2088 cosdem
2364 2055 2449 2098 post

1425 2111 1577 2156 longam
1609 2110 1908 2146 taciturnitatem
1948 2111 2091 2146 locutos
2130 2111 2287 2156 quisque
2322 2110 2451 2145 audiri·

1425 2170 1609 2214 coeperat,
1635 2180 1709 2203 non
1736 2171 1877 2203 taceret
1897 2170 2038 2209 11320;
2065 2181 2151 2203 nam
2170 2169 2326 2214 quisque
2347 2179 2452 2213 prac-

1425 2227 1625 2272 sumpserit
1645 2226 1847 2261 interdicta
1864 2230 1922 2261 eet.
1937 2227 2074 2267 rimari.
2092 2238 2222 2262 vereor
2235 2231 2292 2261 cet.
2310 2227 2447 2264 14227:

1424 2284 1582 2329 quisque
1615 2284 1820 2329 contempti
1854 2284 2070 2319 mediatoris
2102 2285 2342 2329 consequitur
2367 2295 2450 2329 reg-

1423 2355 1529 2384 1111111,
1564 2342 1734 2387 sequitur
1766 2342 1977 2388 exemplum
2007 2342 2106 2378 1538
2131 2342 2222 2375 adda
2248 2343 2382 2383 15827.
2411 2342 2447 2376 C.

1426 2400 1524 2436 [178.
1564 2400 1687 2435 V503.
1727 2399 1829 2434 XXII
1847 2402 1878 2435 5».
1904 2420 1946 2424 —

1513 2459 1571 2501 (=
1590 2457 1746 2501 quilibet)
1767 2471 1774 2492 :
1801 2469 1884 2492 cum
1910 2458 1945 2492 in
1975 2458 2094 2493 locum
2122 2459 2337 2503 statumque
2357 2468 2447 2503 pon-

1421 2515 1531 2551 tificis
1558 2515 1716 2560 quisquc
1743 2515 1924 2550 sufficitur
1951 2517 2082 2552 108.16.
2113 2537 2152 2540 —

1512 2573 1628 2608 caesis
1661 2573 1871 2618 quibusque
1903 2573 2055 2618 optimis
2081 2574 2200 2615 41263
2235 2573 2446 2617 quibusque

1421 2632 1633 2667 lectissimis
1659 2632 1794 2673 16224.
1844 2631 1884 2666 (Ie
1909 2642 1980 2665 usn
2005 2630 2104 2675 apud
2129 2630 2320 2666 Siklonimn
2344 2642 2443 2666 roca—

1419 2690 1493 2724 buli?
1518 2689 1675 2734 quisque
1700 2700 1779 2723 cnm
1801 2689 2014 2733 superlativo
2038 2689 2090 2723 rel
2100 2689 2250 2733 positivo
2266 2689 2445 2723 conium-st

1421 2747 1492 2782 ride
1519 2747 1638 2790 M'ohr,
1665 2747 1723 2781 Ζιι
1750 2746 1874 2782 Sidon.
1902 2747 2018 2791 Apoll.
2041 2759 2079 2791 p.
2108 2752 2143 2781 15
2157 2757 2204 2790 sq.

1373 2817 1445 2850 quo
1468 2819 1475 2839 :
1503 2816 1584 2840 ecce
1619 2816 1692 2850 quo
1727 2815 1846 2839 rerum
1874 2804 2124 2839 volul,›ilitatis
2150 2804 2335 2838 humanae
2361 2805 2445 2838 rota

1419 2863 1568 2898 ducitur
1596 2863 1704 2904 140,1.

1510 2921 1551 2955 «ιή,
1575 2918 1898 2964 conqmrationibns
1931 2930 1972 2954 eo
2003 2917 2163 2953 ‹als-erma
2187 2919 2342 2953 omisso:
2369 2930 2442 2963 quo

1418 2978 1501 3024 plus
1528 2979 1728 3020 commota,
1762 2977 1844 3023 plus
1876 2976 1995 3011 fetida
2025 2978 2081 3011 cst
2105 2976 2223 3012 4922:
2257 2987 2330 3020 quo
2360 2976 2443 3021 plus

1419 3038 1528 3077 torta,
1555 3036 1638 3081 plus
1664 3035 1805 3070 musica
1831 3036 1887 3069 cst
1913 3035 2049 3076 13522.

1510 3104 1582 3138 quo
1609 3093 1680 3128 loci
1707 3093 1773 3133 7,7.
1802 3093 1912 3133 1623.
1930 3092 2022 3135 25,4.
2041 3093 2285 3133 38,16.59,19.
2310 3092 2441 3132 119.14.

1418 3151 1530 3194 138,9.
1557 3152 1594 3187 C.
1621 3151 1705 3185 XVI
1724 3151 1787 3185 127
1814 3152 2063 3195 (quocumque
2090 3149 2160 3184 loci
2188 3152 2251 3193 es).

1370 3215 1544 3259 quocirca
1575 3215 1664 3255 6,10.
1705 3215 1814 3255 13,18.
1839 3214 1952 3254 27,13.
1978 3214 2069 3256 282.
2095 3213 2185 3248 368.
2210 3213 2323 3253 4024.
2349 3213 2439 3254 57,8.

1415 3273 1528 3314 6428.
1554 3273 1642 3308 68.9.
1674 3272 1782 3315 117,4.
1811 3271 1922 3313 118,8.
1950 3271 2084 3313 159,13.

1369 3336 1468 3382 quod
1494 3340 1575 3381 post
1608 3335 1706 3370 rerba
1736 3334 1907 3369 sentiendi
1930 3337 1959 3369 σέ
1983 3333 2122 3368 (lleendi
2141 3343 2212 3377 pro
2237 3332 2438 3367 accusativo

1413 3405 1491 3429 cum
1515 3394 1643 3437 infirm:
1672 3393 1788 3438 possis
1813 3392 1938 3427 auimo
1964 3392 2168 3433 advertere,
2194 3390 2294 3435 quod
2319 3392 2440 3425 servet

1413 3452 1524 3487 istam
1550 3463 1616 3496 pro
1641 3451 1909 3487 consuetudine
1936 3449 2060 3495 potius
2078 3461 2191 3495 quam
2207 3460 2273 3493 pro
2292 3448 2437 3483 ratione

1413 3509 1660 3545 reverentiam
1692 3510 1764 3550 3,8;
1805 3508 1934 3549 audio.
1976 3507 2076 3552 quod
2112 3507 2263 3541 satiram
2300 3505 2438 3541 scribas

1415 3568 1525 3609 19,12.
1557 3567 1632 3601 alia
1661 3567 1821 3610 metaph
1853 3566 1911 3609 (in
1943 3565 2070 3609 quibem
2103 3564 2204 3599 modo
2236 3563 2309 3598 ind.
2336 3562 2438 3597 neoda

1413 3625 1504 3659 coni.
1530 3628 1611 3669 post
1644 3623 1744 3668 quod
1776 3624 1914 3667 leyitzcr)
1946 3622 2033 3657 haec
2061 3621 2185 3656 habes:
2221 3621 2312 3663 352.
2344 3621 2434 3661 35,6.

1412 3682 1514 3723 41,11
1543 3685 1574 3716 et
1599 3683 1653 3717 12.
1679 3682 1792 3721 51,13.
1818 3682 1932 3723 51‚15.
1958 3680 2046 3722 782.
2073 3679 2185 3720 78,14.
2211 3679 2300 3722 81,4.
2324 3678 2437 3719 8625.

1415 3740 1525 3783 125,8.
1558 3740 1694 3782 14425.
1727 3739 1861 3782 14625.
1895 3738 2006 3781 148,5.
2039 3737 2152 3777 1488.
2180 3737 2312 3779 160,11.
2341 3735 2437 3782 [post

2092 3840 2162 3876 60*
