2583 4011
182 176 262 215 362

356 285 600 327 SIDONH
624 284 1086 327 EPISTULARUM

182 355 230 388 III
247 355 323 394 11,2
342 366 348 387 :
374 351 540 396 alloquii.
575 352 620 393 cf.
646 351 698 386 IV
712 351 776 392 7‚3.
803 352 930 389 ivm.
951 352 981 385 V
994 353 1060 393 3,1.

179 413 230 447 111
248 412 348 451 123:
376 420 475 443 more
500 408 680 443 maiorum
707 435 715 443 .
731 437 737 443 .
754 437 761 444 .
785 409 866 443 iure
892 420 1026 444 caesos.

182 527 234 560 III
252 526 352 565 1:2‚52
379 523 483 568 quasi
510 523 561 557 nil
590 523 658 557 tibi
685 534 832 567 quoquc
859 522 979 557 laudis
1005 524 1072 557 aut
1103 523 1244 567 gloriae

318 581 472 615 accedat
496 581 538 623 cf.
564 581 664 620 17‚1.

180 641 234 674 III
252 640 291 673 12
315 650 343 673 c.
364 649 389 672 r.
411 639 450 672 11
471 651 478 672 :
505 637 747 682 exemploque
773 636 857 671 aliis
883 636 1098 680 periculoso.

180 697 231 730 III
250 697 326 731 125
344 709 350 729 :
379 694 527 730 Hectori
555 696 596 729 ut
613 706 677 728 suo
696 693 793 728 iusta
810 693 971 728 solvisse.
1005 693 1046 735 cf.
1064 693 1099 726 11
1112 694 1133 726 3
1150 703 1176 727 c.
1194 693 1244 727 15.

181 755 233 789 III
252 754 325 793 13,1
347 766 353 787 :
380 752 488 787 unice
515 751 629 796 probo
654 750 798 794 gaudeo
825 749 997 789 admiror,
1024 749 1132 793 quod.

284 824 291 845 z
320 808 477 843 vilitatis
504 820 579 842 esse
605 807 821 852 signiferum
841 807 1076 841 Gnathonem
1102 806 1246 851 patriae

318 868 465 901 nostrae
492 866 548 899 vel
584 876 794 899 maxumum
830 863 1017 908 intellege.
1059 864 1115 897 est
1147 862 1243 897 enim

319 924 376 958 liic
403 934 538 967 gurges
569 922 614 956 do
645 920 832 956 sutoribus
858 920 1066 954 tabularum
1093 931 1119 955 c.
1134 930 1243 964 (13011.

179 985 233 1018 III
255 983 353 1018 133:
381 980 533 1019 ieiunat,
561 978 731 1023 quotiens
759 989 832 1012 non
859 979 1021 1012 vocatur.

182 1041 233 1075 llI
254 1039 350 1074 134:
378 1038 586 1080 fractorque
613 1036 823 1070 ferularum.

181 1098 233 1131 III
252 1097 350 1133 1:343:
378 1093 531 1138 Stygia-e
558 1093 636 1127 vice
663 1092 809 1137 paludis
835 1092 991 1126 volvunt
1015 1091 1196 1126 lacrimas.

181 1154 234 1188 III
253 1153 327 1191 13,ss
348 1165 354 1185 z
381 1163 419 1185 os
527 1149 700 1184 dentibus
725 1149 896 1182 buxeum.

287 1222 293 1243 ς
321 1208 515 1243 exhalatus
543 1233 548 1240 .
570 1234 576 1241 .
602 1205 783 1241 mefiticus
808 1205 907 1240 odor.

178 1325 228 1359 III
248 1324 323 1358 135
341 1336 348 1356 :
375 1321 591 1366 Ampsancti
616 1322 730 1366 peste.

178 1381 342 1416 11113.11
369 1393 375 1413 :
408 1390 452 1413 ne
486 1390 683 1423 congressu
716 1378 864 1422 quidem
902 1378 1061 1422 primore
1096 1376 1243 1411 sociere.

316 1436 363 1478 cf.
379 1436 446 1470 VII
461 1436 525 1475 m.

178 1494 347 1537 1111452:
375 1493 424 1528 sic
452 1505 525 1527 non
552 1492 670 1527 utitur
694 1491 841 1533 litteris,
867 1492 965 1535 quod
991 1492 1169 1526 abutitur.

181 1666 228 1699 IV
251 1667 299 1707 l.l
322 1678 328 1698 ;
355 1665 534 1699 secundus
560 1664 666 1698 nobis
684 1692 690 1697 .
709 1692 716 1698 .
732 1691 738 1697 .
757 1676 872 1698 nexus
891 1663 1053 1697 accessit.
1087 1663 1129 1705 cf.
1149 1664 1165 1697 Ι
1180 1664 1245 1704 7‚1.

179 1723 229 1757 IV
246 1724 299 1757 1.3
317 1735 323 1755 z
352 1721 608 1766 philosophica
633 1721 766 1755 incude
784 1722 974 1755 formatus.
1009 1720 1053 1763 cf.
1068 1720 1119 1755 IX
1136 1721 1223 1761 132.

284 1792 290 1812 ι
318 1778 562 1813 atticissabas.

180 1837 227 1871 IV
249 1837 298 1872 1.4
317 1849 323 1870 :
351 1836 461 1871 corda
475 1847 606 1871 cornea
625 1835 811 1879 fibraeque
825 1834 1014 1879 glaciales.
1039 1835 1084 1877 cf.
1100 1835 1187 1868 VIII
1206 1835 1244 1868 11

316 1904 342 1928 c.
370 1905 397 1928 r.
422 1895 477 1928 20.

181 1952 228 1985 IV
249 1953 299 1985 1.5
318 1965 324 1984 :
352 1950 390 1984 in
416 1963 546 1985 aevum
575 1976 582 1984 .
598 1977 605 1984 .
622 1978 629 1985 .
656 1949 970 1995 perennabuntur.

180 2008 228 2041 IV
244 2008 300 2043 &A
319 2021 326 2042 ε
352 2007 659 2052 praepedimenti.
697 2008 742 2049 ef.
760 2007 828 2040 VII
842 2008 907 2047 82.

181 2065 227 2099 IV
243 2067 296 2106 al
317 2079 323 2099 :
351 2077 415 2100 cur
441 2093 448 2100 .
471 2092 477 2099 .
499 2093 505 2100 .
531 2078 553 2100 a
584 2065 671 2099 stilo
706 2066 744 2099 et
777 2063 1026 2109 pugillaribus
1059 2063 1122 2098 diu
1155 2064 1246 2097 tem-

317 2134 453 2167 perem.
489 2123 532 2165 cf.
558 2124 613 2158 III
626 2123 692 2163 7,1.
719 2122 769 2155 IX
782 2122 849 2163 3,(5.

284 2251 290 2271 :
318 2239 525 2281 temporum
552 2235 824 2281 praerogativa.
861 2236 906 2278 cf.
932 2237 949 2270 1
971 2236 1031 2277 12.

287 2308 293 2328 :
321 2293 593 2328 Frontonianae
619 2293 828 2338 gravitatis.

181 2353 228 2386 IV
243 2354 325 2394 3,·2:
354 2350 593 2396 prooemiaris
619 2350 899 2395 (prohoemiaris
924 2349 1027 2393 LF).

285 2423 291 2443 :
319 2409 496 2442 librorum
524 2420 671 2443 suorum
698 2408 818 2442 titulis
844 2408 1093 2442 inclarescere.

284 2480 290 2500 :
319 2465 506 2500 vernantis
590 2465 727 2510 eloquii
744 2466 842 2500 flore.
873 2466 915 2508 cf.
926 2465 1013 2499 VIII
1028 2465 1111 2504 Il,b'.
1143 2463 1190 2497 IX
1205 2464 1247 2497 13

318 2534 346 2557 c.
364 2533 417 2566 pr.
438 2523 489 2556 12.

181 2582 228 2615 IV
245 2581 301 2622 ,ΒΑ
320 2594 326 2614 ;
353 2579 596 2614 dulcedinem.
633 2580 674 2622 cf.
690 2580 776 2614 VIII
794 2580 881 2620 10‚1.

181 2695 325 2736 1V3,5:
353 2692 615 2729 monstrabilis.
654 2693 700 2735 cf.
725 2693 824 2733 15,1.

182 2753 326 2792 Nae:
353 2752 483 2785 vernat
508 2753 550 2785 ut
575 2750 803 2785 Hortensius.
840 2750 882 2793 cf.
909 2750 958 2784 IV
973 2750 1040 2792 3,2.

182 2809 326 2850 1V3,7:
353 2808 511 2843 destruit
536 2810 578 2843 ut
606 2808 833 2843 Lactantius.

286 2937 292 2957 :
319 2923 507 2957 attollitur
532 2925 573 2957 ut
599 2922 771 2957 Hilarius.

183 2981 230 3014 IV
246 2982 302 3021 3&
320 2994 326 3015 ε
354 2979 472 3014 dulcis
499 3007 506 3015 .
522 3007 551 3014 ..
577 2980 802 3014 amoenitate
829 2980 986 3024 poetica.

288 3051 294 3072 ι
322 3037 505 3082 phalerati
534 3037 719 3071 sermonis.
758 3038 803 3079 cf.
828 3038 924 3076 195.

183 3096 229 3129 IV
246 3096 301 3136 35)
322 3108 328 3129 :
355 3094 445 3139 quid
463 3095 614 3129 multis?
647 3094 786 3129 arbitro
804 3107 862 3128 me
880 3094 918 3128 in
938 3095 1094 3137 utroque
1112 3104 1246 3137 genere

320 3151 467 3186 dicendi
494 3163 561 3185 nee
586 3152 753 3186 Athenae
779 3152 829 3186 sie
855 3151 1002 3186 Atticae
1028 3162 1095 3184 nee
1119 3150 1247 3184 Musae

320 3208 370 3243 sic
386 3208 546 3243 musicae
563 3208 838 3243 iudicabuntur.
863 3210 904 3251 cs.
919 3220 946 3243 c.
962 3208 1084 3241 XXIII.
1101 3208 1164 3242 123
1174 3218 1244 3250 sm:

319 3267 356 3300 et
382 3266 480 3310 ipsas
506 3266 628 3300 Musas
654 3276 727 3299 non
753 3265 806 3299 ita
831 3265 988 3299 musicas
1014 3266 1174 3309 putares.

183 3323 231 3357 IV
246 3324 346 3365 3‚1():
366 3325 531 3357 arentem
547 3323 717 3357 venulam
732 3322 849 3357 rarius
864 3322 1006 3357 flumini
1021 3324 1084 3358 tuo
1100 3323 1245 3358 misceo.

317 3380 359 3423 cf.
386 3381 436 3414 lx
455 3381 519 3421 ἦς’).

287 3507 293 3528 ;
320 3496 421 3529 tuam
447 3494 587 3529 tubam.

1122 168 1231 203 LOOI
1257 167 1448 203 SIMILES

1316 352 1412 385 Ptin.
1431 352 1447 385 Ι
1461 351 1539 391 812
1559 364 1566 384 z
1592 350 1788 394 adloquiis.
1833 349 1962 394 Symm.
1981 350 1997 383 I
2010 348 2100 388 31‚1.
2126 348 2176 382 VI
2188 349 2233 382 39
2256 352 2288 383 et
2304 360 2338 383 a.
2357 349 2378 383 l.

1315 409 1374 451 leq.
1402 408 1469 442 xll
1501 408 1566 441 tab.
1595 421 1602 442 z
1638 407 1716 441 iure
1756 418 1882 441 caesus
1922 406 2011 440 esto.
2057 405 2099 447 cf.
2127 405 2204 439 Lw.
2236 407 2253 440 I
2273 405 2378 448 26,9:

1362 465 1440 499 iure
1467 476 1621 499 caesam.
1665 463 1760 498 Suet.
1781 463 1876 497 Caes.
1896 463 1938 497 76
1958 476 1965 497 ;
1998 461 2076 496 iure
2102 473 2227 496 caesus
2252 465 2282 496 et
2305 473 2338 495 a.
2356 462 2378 496 Z.

1317 522 1444 567 Symm.
1460 522 1489 556 V
1504 522 1573 556 42:
1600 533 1685 555 nam
1711 520 1802 554 mihi
1828 531 1975 564 quoque
2000 518 2199 564 plurimum
2230 518 2380 554 honoris

1363 578 1518 613 accedit.

1320 635 1430 670 Mart.
1455 635 1589 678 127‚6:
1617 635 1785 680 exemplo
1811 632 1966 668 nimium
1992 632 2207 678 periculoso.

1318 749 1415 783 le.
1441 749 1491 782 IX
1506 749 1586 790 9,1;
1613 747 1720 782 unice
1747 746 1859 792 probo
1885 746 1994 791 quod.

1322 806 1454 839 Terent.
1479 804 1629 838 emmch.
1654 805 1780 846 112,33
1799 804 1895 848 (264)
1915 817 1922 839 ε
1950 803 2104 849 parasiti
2131 803 2186 837 ita
2215 803 2257 837 ut
2282 802 2380 836 Gna-

1363 861 1503 896 thonici
1529 862 1718 897 vocentur.

1317 975 1430 1010 Mart.
1441 976 1472 1009 V
1482 975 1580 1016 47‚2:
1595 987 1667 1010 non
1683 977 1802 1017 cenat,
1818 975 1990 1020 quotiens
2004 986 2111 1010 nemo
2126 974 2273 1009 vocavit
2286 964 2380 1008 eum.

1314 1035 1391 1068 Ima
1407 1034 1457 1067 VI
1470 1034 1538 1068 479
1557 1047 1564 1068 :
1591 1033 1651 1068 1110
1677 1033 1817 1078 frangit
1842 1033 1988 1067 ferulas.

1315 1090 1439 1125 Claud.
1454 1091 1595 1125 V468:
1621 1091 1682 1125 1110
1707 1090 1794 1134 (scil.
1812 1090 1980 1134 Cocytos)
2008 1089 2125 1125 volvit
2149 1087 2329 1124 lacrimas.

1313 1148 1427 1182 Mart.
1453 1149 1489 1183 II
1505 1148 1584 1189 4153
1597 1158 1644 1192 sq.
1663 1161 1670 1182 :
1697 1147 1826 1182 dentes
1852 1173 1859 1181 .
1876 1174 1883 1181 .
1899 1174 1906 1181 .
1935 1146 2056 1182 buxei.

1315 1205 1408 1239 Pers.
1436 1206 1493 1240 III
1506 1205 1550 1239 99
1574 1219 1581 1240 :
1615 1206 1767 1249 gutture
1799 1204 2018 1249 sulphureas
2052 1204 2153 1239 lente
2183 1203 2382 1238 exhalante

1356 1263 1507 1297 mefites,
1547 1262 1587 1305 cf.
1606 1262 1703 1307 Very.
1730 1262 1818 1297 Aen.
1832 1262 1901 1297 VII
1919 1262 1974 1297 84.
2350 1290 2352 1292 ,

1324 1319 1418 1363 Vergy.
1446 1319 1535 1354 Aen.
1554 1319 1623 1353 VII
1640 1321 1707 1355 565
1721 1330 1791 1364 sqq.
1829 1319 1872 1362 cf.
1893 1319 2020 1354 Claud.
2047 1320 2182 1354 XXXV
2197 1319 2264 1355 347
2277 1330 2346 1364 sqq.

1317 1377 1447 1421 Symm.
1468 1377 1489 1411 ·1
1503 1377 1579 1418 53st
1601 1390 1608 1411 ε
1636 1377 1699 1421 qui
1726 1378 1763 1411 te
1788 1388 1986 1422 congressu
2011 1376 2171 1422 primore
2188 1377 2381 1412 noverunt.

1362 1435 1411 1468 IX
1421 1435 1482 1468 33:
1498 1445 1694 1479 congressu
1709 1433 1799 1468 mihi
1817 1433 1977 1479 primore
1991 1434 2266 1478 conpe1·tum.cf.
2275 1434 2382 1469 1V46.

1319 1491 1386 1526 Cic.
1410 1491 1512 1526 Taso.
1538 1492 1652 1534 13‚6:
1679 1491 1870 1527 abutentis
1896 1493 1934 1526 et
1958 1491 2034 1526 otio
2061 1492 2097 1526 et
2122 1491 2268 1526 litteris.

1319 1778 1442 1813 Plcmt.
1470 1779 1686 1812 Menaechm.
1707 1779 1798 1822 prol.
1826 1778 1894 1812 12:
1921 1789 1994 1812 non
2021 1777 2216 1812 atticissat.

1318 1835 1411 1869 Pers.
1438 1839 1504 1870 sat.
1529 1837 1545 1870 1
1562 1836 1632 1870 47:
1658 1847 1779 1879 neque
1805 1835 1903 1870 enim
1928 1835 2020 1869 mihi
2046 1845 2178 1869 cornea
2201 1833 2292 1868 fibra
2317 1834 2383 1869 est.

1317 1950 1409 1984 Hor.
1434 1962 1460 1985 c.
1489 1951 1539 1984 IV
1560 1950 1636 1992 14‚3
1648 1961 1696 1994 sq.
1716 1964 1722 1985 ε
1750 1950 1787 1984 in
1814 1962 1946 1985 aevum
1972 1977 1979 1984 .
1996 1978 2002 1985 .
2020 1978 2027 1985 .
2052 1950 2231 1984 aeternet.

1319 2065 1450 2110 Symm.
1463 2065 1514 2099 VI
1530 2065 1601 2100 70:
1635 2065 1699 2099 diu
1730 2077 1787 2100 me
1819 2065 1865 2100 ab
1892 2065 1977 2100 stilo
2004 2065 2124 2099 fateor
2149 2065 2382 2108 temperasse.

1363 2123 1413 2157 IV
1427 2123 1506 2163 2832
1523 2136 1529 2157 :
1548 2135 1570 2156 a
1588 2122 1674 2157 stilo
1693 2124 1887 2168 temperas.
1921 2122 1971 2156 IV
1985 2123 2065 2164 302
2080 2135 2088 2156 z
2107 2134 2188 2156 011111
2207 2133 2229 2156 a
2246 2121 2382 2156 litteris

1363 2182 1586 2224 temperares
1612 2183 1641 2214 et
1664 2192 1697 2215 a.
1716 2181 1737 2215 l.

1318 2293 1467 2328 Hieron.
1487 2293 1636 2327 Rustico
1651 2293 1806 2327 monach.
1827 2307 1834 2328 ι
1860 2293 2158 2338 gravitatemque
2174 2293 2381 2328 Frontonis.

1317 2351 1414 2385 Plan.
1439 2351 1546 2391 113‚3
1565 2363 1571 2384 :
1599 2350 1886 2395 prohoemiatur.
2074 2360 2078 2363 ’

1317 2408 1412 2442 Ρῖίη.
1434 2408 1566 2452 Ραηθῃ.
1592 2409 1662 2442 82:
1689 2407 1831 2442 artibus
1856 2407 2082 2443 inclaruisse.

1318 2466 1444 2509 Prosp.
1471 2465 1510 2499 de
1533 2464 1606 2498 vita
1631 2466 1810 2508 contempl.
1835 2465 1947 2500 11134
1972 2478 1978 2499 :
2011 2465 2202 2499 vernantis
2233 2464 2382 2508 eloquii.

1319 2522 1447 2567 Symm.
1463 2523 1551 2556 VIII
1564 2524 1608 2556 22
1627 2536 1633 2557 :
1660 2522 1699 2556 in
1725 2523 1789 2557 tuo
1816 2534 1876 2557 ore
1903 2524 2032 2557 vernat
2049 2523 2155 2557 Musa
2172 2521 2357 2566 Cecropia.

1316 2580 1412 2614 Ptin.
1439 2580 1492 2614 ΙΙΙ
1514 2579 1592 2621 1,7;
1619 2580 1784 2615 dulcedo.
1824 2580 1875 2614 IV
1889 2580 1970 2621 3‚4:
1996 2592 2105 2624 quam
2140 2579 2264 2614 dulcia
2298 2578 2380 2613 illa!

1363 2637 1407 2680 ef.
1434 2636 1561 2682 Symm.
1595 2637 1646 2672 IV
1659 2638 1748 2679 20‚2.
1786 2637 1837 2672 IV
1851 2637 1941 2679 34‚1.
1967 2636 2087 2671 V177.

1317 2809 1467 2844 Hieron.
1495 2808 1542 2842 ad
1567 2807 1716 2842 Paulin.
1742 2808 1798 2851 (de
1822 2808 1975 2843 institut.
2001 2808 2198 2852 monach.):
2226 2807 2382 2842 Laetan-

1365 2866 1437 2900 tius
1465 2893 1472 2900 .
1488 2893 1518 2900 ..
1544 2865 1670 2900 aliena
1695 2865 1890 2900 destruxit.

1316 2923 1464 2958 Hieron.
1482 2922 1524 2956 ib.
1544 2936 1551 2957 :
1577 2921 1741 2956 Hilarius
1760 2922 1952 2957 Gallicano
1977 2923 2157 2957 cothurno
2182 2921 2381 2956 attollitur.

1318 2981 1416 3015 Plin.
1436 2981 1485 3015 IV
1495 2980 1572 3021 3,4:
1592 2981 1774 3024 quantum
1791 2979 2008 3020 venustatis,
2027 2991 2138 3023 quam
2156 2978 2280 3013 dulcia
2297 2978 2380 3012 illa!

1316 3039 1438 3082 Prosp.
1452 3037 1492 3072 cle
1504 3037 1575 3071 vita
1587 3037 1763 3081 contempl.
1777 3037 1829 3071 III
1843 3037 1887 3072 34
1901 3050 1908 3072 ε
1926 3048 2000 3071 11011
2012 3037 2163 3082 placent
2176 3036 2380 3081 phalerata.

1318 3095 1418 3129 Plin.
1443 3095 1494 3129 IV
1507 3095 1589 3136 3,5:
1615 3105 1696 3144 non*
1716 3121 1723 3128 .
1747 3122 1754 3129 .
1776 3121 1783 3129 .
1809 3094 1908 3139 ipsas
1932 3094 2098 3128 Athenas
2132 3095 2207 3128 tam
2237 3093 2380 3128 Atticas

1362 3151 1528 3187 dixerim.
1572 3151 1668 3193 Quid
1693 3151 1835 3186 multa?

1318 3209 1389 3245 Cic.
1409 3210 1547 3244 Orator.
1567 3209 1586 3243 7
1606 3221 1613 3243 :
1640 3220 1713 3253 quo
1741 3209 1825 3251 (scil.
1851 3208 2112 3251 Demosthene)
2144 3218 2190 3242 ne
2215 3207 2380 3241 Athenas

1361 3266 1510 3311 quidem
1536 3265 1635 3311 ipsas
1661 3265 1779 3310 magis
1805 3265 1912 3300 eredo
1938 3265 2050 3300 fuisse
2077 3264 2229 3299 Atticas.

1317 3324 1447 3369 Symm.
1478 3324 1495 3358 I
1519 3323 1627 3364 14‚1:
1666 3322 1803 3367 eloquii
1838 3322 1954 3357 nostri
1991 3333 2086 3357 vena
2123 3323 2276 3356 tenuata
2314 3323 2379 3363 est,

1362 3393 1473 3425 quam
1509 3380 1648 3415 dudum
1679 3391 1799 3424 neque
1832 3379 1943 3414 ullius
1977 3378 2158 3424 poematis
2184 3377 2239 3413 tui
2262 3389 2380 3423 neque

1361 3437 1586 3483 pedestrium
1612 3436 1842 3472 voluminum
1868 3437 2026 3472 lectione
2051 3435 2190 3470 iuvisti.

1314 3495 1430 3529 Mart.
1448 3495 1536 3529 VIII
1556 3494 1636 3535 322
1659 3507 1666 3528 :
1701 3494 1900 3529 multorum
1932 3522 1940 3529 .
1960 3522 1967 3530 .
1990 3521 1998 3529 .
2029 3493 2150 3528 tubas.
2185 3492 2271 3527 VIII
2289 3493 2378 3536 56,4.

1359 3552 1391 3585 X
1406 3550 1495 3592 64‚4.
1521 3551 1572 3585 XI
1586 3551 1652 3592 3‚8.

1316 3607 1444 3642 Front.
1473 3607 1592 3648 149,21
1613 3619 1620 3641 ε
1647 3607 1798 3642 Catonis
1823 3608 1862 3642 et
1885 3605 2054 3641 Sallustii
2087 3607 2124 3641 et
2149 3605 2248 3641 Tulli
2275 3606 2377 3642 tuba.

1361 3663 1486 3699 (Παπαῖ.
1511 3664 1527 3698 Ι
1550 3665 1622 3699 198.
1665 3663 1778 3699 Ι)1·ιιτῖ.
1805 3664 1880 3699 adr.
1907 3663 2033 3708 Synna.
2059 3663 2166 3698 1168.
