2583 4011
71 1097 102 1121 10

84 2657 117 2682 30

88 3032 120 3057 35

924 221 1061 255 Llssssu
1094 220 1116 259 1,
1154 219 1216 253 Vll
1246 220 1264 259 ξ
1296 220 1305 252 l
1337 237 1378 240 —·-
1409 216 1435 250 X
1465 218 1483 257 ,ξ
1510 216 1542 248 4.
2250 212 2330 250 305

134 342 423 390 voluntatem,
465 353 594 394 quam
627 339 810 380 diversis
845 335 1143 379 occasionibus
1178 338 1218 374 te
1253 333 1431 373 elimare
1466 329 1718 371 contendat.
1759 343 1885 382 quam
1927 328 2002 368 tibi
2037 327 2168 367 etiam
2203 325 2334 365 invito

135 410 354 466 spiritales
387 409 505 450 eibos
539 409 680 450 soleat
714 409 851 449 bonus
885 410 1033 463 pastor
1064 404 1277 458 ingerere.
1331 401 1435 442 mihi
1459 399 1601 441 crede.
1635 399 1731 453 plus
1756 398 1845 438 tibi.
1880 399 1913 438 si
1937 397 2174 438 distuleris.
2207 408 2335 448 quam

134 478 428 529 transtuleris,
475 478 725 533 imputabit,
772 477 872 532 quia
909 473 1115 516 studiosis
1154 474 1297 513 favere
1337 484 1419 511 non
1458 468 1649 509 invidere
1689 467 1925 507 consuevit.
1990 466 2053 506 liis
2096 470 2136 504 et
2176 463 2334 504 talibus

135 547 302 588 silentis
333 547 533 602 alloquiis
567 546 610 586 in
640 547 812 587 vincula
845 546 937 587 eius
970 558 1038 584 me
1072 541 1339 583 voluntarius
1373 539 1534 594 pariter
1567 543 1611 578 ct
1643 541 1818 576 coaetus
1852 533 2036 590 {sponte}
2072 533 2248 576 conieci,
2281 531 2333 571 ad

135 616 471 672 exemplandum
513 630 611 657 eum
651 616 832 657 festinus
877 613 1061 659 accessi,
1110 625 1236 666 quem
1281 624 1392 650 nuuc
1435 613 1598 649 utrum.
1650 606 1762 646 sicut
1803 610 1893 650 cst,
1942 603 2241 657 transcriptum
2285 615 2335 640 au

137 685 403 742 disparatum
428 684 609 726 reddere
633 684 830 735 debeam,
865 684 905 724 in
932 688 1074 723 vestro
1108 679 1268 736 pendet
1301 678 1492 720 arbitrio.
1545 691 1623 730 ego
1657 681 1799 715 tamen
1835 674 1974 713 libens
2010 672 2186 712 multam
2211 684 2336 724 quam

136 755 367 797 intuleritis
400 755 628 810 excipiam,
661 754 758 809 quia
794 753 1030 794 remedium
1066 765 1208 792 meum
1234 754 1424 790 vestrum
1459 745 1587 787 credo
1621 759 1715 786 esse
1749 743 1970 784 decretum
2005 747 2047 783 et
2079 740 2338 780 senteutiam

138 828 321 866 vestram
356 823 586 865 medellam
620 823 729 864 duco
763 838 858 864 esse
892 837 975 863 non
1010 835 1207 877 poenam.

1208 993 1282 1035 lX.

432 1088 668 1129 DOMINO
711 1086 1032 1129 l'l·]({3UhlAltl
1082 1085 1139 1126 ΙΝ
1181 1084 1461 1130 (ῙΙΙΙΗΗῚῚ),
1506 1080 1736 1122 lunum)
1783 1077 2060 1120 l'A'l'lmNo

965 1155 1210 1197 SIDONH)
1245 1152 1543 1194 ltUltwlL'S.

279 1236 362 1296 lm
398 1270 463 1296 uie
497 1271 649 1298 recens
682 1255 947 1311 praedicatio
980 1258 1021 1295 ct
1055 1253 1231 1308 antiqua
1263 1251 1438 1292 dileetio
1474 1255 1643 1291 vestrae
1679 1249 1851 1303 pietatis
1885 1246 2053 1288 inlexit,
2088 1249 2133 1283 ut.
2161 1242 2342 1284 audeam

140 1325 319 1366 auribus
354 1326 509 1367 vestris
543 1326 714 1381 ineptiis
753 1325 860 1366 meis
899 1325 1042 1365 facere
1088 1322 1262 1377 saepius
1309 1320 1531 1366 iniuriam,
1577 1318 1675 1358 ‹lum
1711 1322 1919 1359 vestram,
1963 1318 2169 1369 quantum
2211 1311 2343 1351 sterili

141 1394 360 1450 ingeniolo
392 1395 656 1446 conceditur,
691 1396 902 1447 attingere
935 1393 1060 1448 cupio
1094 1391 1382 1447 disciplinam.
1437 1403 1563 1444 quam
1598 1388 1678 1428 etsi
1713 1385 1886 1440 assequi
1921 1383 2085 1438 grande
2119 1388 2184 1423 est
2216 1386 2344 1434 atque

95 1480 102 1494 ν
141 1463 338 1509 difficile,
383 1465 506 1520 sequi
549 1469 693 1506 tamen
733 1463 960 1519 pulchrum
1002 1467 1070 1503 est
1111 1464 1241 1516 atque
1287 1459 1489 1507 sublime,
1533 1457 1731 1512 quoniam
1779 1467 2042 1495 summarum
2087 1465 2226 1491 rerum
2262 1463 2345 1489 non

142 1532 317 1588 adeptio
350 1538 532 1586 tantum,
566 1533 642 1576 sed
675 1534 806 1574 ctiam
840 1532 1025 1573 imitatio
1059 1532 1154 1587 ipsa
1187 1528 1404 1571 laudanda
1437 1531 1523 1569 est:
1556 1526 1657 1581 quia
1691 1537 1922 1579 numquam
1956 1523 2044 1563 fere
2074 1520 2229 1575 aliquis
2255 1519 2346 1559 eius

142 1602 205 1643 rei
234 1603 429 1658 portione
462 1603 517 1645 ad
549 1604 763 1659 integrum
798 1606 927 1651 caret,
960 1601 1013 1642 ad
1052 1614 1179 1656 quam
1215 1598 1424 1640 scandere
1457 1611 1507 1638 ac
1537 1595 1767 1652 pervenire
1800 1592 2085 1634 contenderit.
2145 1588 2344 1631 desidero

141 1672 308 1727 itaque,
351 1672 521 1714 domino
553 1674 630 1722 mi,
673 1671 894 1718 desidere,
936 1671 1130 1726 inquam,
1175 1669 1259 1710 tuis
1293 1667 1398 1709 cibis
1431 1666 1568 1712 refici,
1614 1670 1685 1705 tuo
1718 1664 1836 1704 fonte
1870 1661 2031 1718 potari,
2075 1660 2157 1701 tuis
2191 1658 2347 1714 repleri

142 1741 346 1798 dapibus,
390 1744 473 1784 tuis
515 1743 653 1799 epulis
697 1743 912 1799 saginari:
963 1756 1070 1797 quas
1113 1741 1145 1781 si
1190 1740 1302 1795 quis,
1347 1735 1710 1779 distribuentibus
1752 1734 1899 1775 vobis,
1945 1746 2027 1773 non
2068 1744 2234 1771 summo
2275 1743 2348 1768 ore

73 1820 87 1845 2
144 1811 358 1862 libaverit,
392 1812 468 1854 sed
502 1814 604 1854 totis
637 1813 808 1854 animae
843 1812 1085 1854 visceribus
1119 1814 1333 1866 appetens
1368 1807 1550 1848 conviva
1583 1804 1801 1846 sorbuerit
1834 1806 1962 1856 atque
1989 1801 2137 1841 intimo
2162 1797 2351 1854 pectoris

143 1881 415 1936 postmodum
449 1882 627 1924 easdem
659 1883 950 1923 ruminaturus
984 1879 1283 1922 absconderit.
1326 1877 1505 1932 incipiet
1539 1874 1725 1916 assiduis
1760 1870 2071 1913 ructationibus
2106 1869 2146 1909 in
2180 1867 2349 1908 laudem

145 1949 306 1991 domini
340 1952 647 2007 omnipotentis
681 1966 908 2007 erumpere
941 1950 1128 1992 refertus
1153 1948 1295 2000 corde,
1329 1962 1402 1988 ore
1426 1946 1612 1994 ieiunus,
1646 1943 1746 1984 dum
1771 1946 1892 1982 satur
1914 1940 2050 1981 esurit
2072 1944 2114 1979 et
2137 1940 2353 1978 saturatur

146 2019 361 2072 esuriens,
405 2021 544 2076 magis
584 2022 626 2062 in
668 2021 996 2077 regeneratione
1029 2018 1305 2061 saturandus.
1368 2030 1448 2057 nec
1482 2015 1637 2055 deesse
1673 2012 1830 2069 poterit
1862 2010 2005 2057 cibus,
2049 2007 2169 2049 cuius
2201 2009 2351 2061 pastus

146 2089 190 2130 in
228 2089 360 2131 verbo
403 2095 482 2133 est.
543 2095 590 2132 ut
631 2105 734 2146 ergo
779 2091 931 2132 harum
973 2089 1229 2131 deliciarum
1272 2086 1490 2143 particeps
1535 2099 1634 2125 esse
1678 2095 1860 2129 merear,
1906 2078 2059 2120 vestris
2103 2075 2353 2132 patrm-iniis

78 2168 110 2193 2⁵
147 2159 338 2202 obtinete
372 2160 562 2216 mihique
595 2175 726 2217 supra
757 2173 1006 2202 mensuram
1039 2159 1191 2199 virium
1224 2155 1427 2197 conitenti
1470 2153 1754 2195 auxiliatores
1795 2149 1988 2191 accedite
2032 2147 2264 2201 simulque.
2309 2149 2354 2184 ut

149 2229 203 2271 ab
237 2230 338 2270 ovili
371 2230 494 2271 vobis
527 2230 690 2272 credito
722 2245 807 2271 non
839 2228 1036 2270 inveniar
1067 2228 1247 2269 alicnus,
1283 2229 1402 2265 orate
1436 2226 1739 2276 errantemque
1773 2234 1894 2260 ovem
1929 2233 1950 2258 a
1984 2216 2157 2272 pascuis
2193 2214 2354 2255 saeculi

149 2299 203 2340 ad
235 2299 381 2341 caulas
414 2299 650 2341 dominicas
683 2303 922 2355 reportate,
967 2298 1067 2353 quia
1100 2295 1289 2347 confido,
1334 2293 1446 2350 quod
1479 2290 1860 2333 intercessionibus
1895 2288 2050 2329 vestris
2090 2286 2179 2327 fieri
2222 2284 2357 2340 possit

151 2383 302 2424 agnuS,
335 2370 408 2425 qui
441 2374 586 2411 vester
617 2369 824 2411 meruerit
856 2382 954 2411 esse
987 2366 1237 2422 discipulus.

1230 2552 1285 2593 X.

648 2647 883 2689 DOMINO
918 2644 1209 2687 PECTORIS
1245 2642 1339 2684 SUI
1373 2642 1529 2683 LUPO
1564 2638 1864 2681 RURwlUs,

295 2727 472 2787 Accam
506 2747 672 2788 litteras
703 2745 1069 2802 magnanimitatis
1092 2748 1207 2795 tuae,
1241 2742 1396 2797 quibus
1422 2754 1633 2782 excusare
1657 2738 1865 2793 dignaris,
1899 2734 2027 2791 quod,
2061 2738 2107 2773 ut
2131 2747 2196 2773 me
2224 2731 2360 2771 rarius

157 2816 434 2872 eloquentiae
466 2820 567 2857 tuae
598 2830 695 2857 rore
728 2830 972 2872 respergas,
1007 2813 1143 2855 baiuli
1175 2812 1307 2853 faciat
1339 2810 1505 2866 inopia;
1540 2808 1751 2863 simulque
1786 2807 1916 2848 etiam
1949 2803 2112 2845 indicas
2136 2806 2176 2842 tc
2201 2798 2361 2841 mirari.

157 2899 250 2936 cur,
293 2900 389 2926 cum
427 2885 532 2926 mihi
566 2899 714 2927 eorum
746 2884 994 2939 frequentia
1025 2884 1249 2938 suppetat,
1291 2880 1525 2922 verborum
1557 2891 1726 2933 quoque
1760 2876 1882 2931 copia
1915 2877 2086 2928 compta
2117 2884 2202 2911 nen
2235 2868 2360 2917 desit,

158 2955 281 2996 vobis
315 2955 504 2996 scribere
539 2955 713 3010 saepius
746 2954 998 2995 detrectem.
1053 2950 1166 3006 quod
1198 2964 1276 2991 vos
1308 2963 1388 3004 per
1419 2947 1614 2999 ironiam,
1647 2951 1693 2987 ut
1726 2950 1791 2987 est
1811 2944 1972 3000 leporis
1996 2941 2126 2982 vestri
2150 2937 2363 2987 facundia,

158 3024 343 3065 iactasse
377 3038 463 3065 non
494 3023 684 3078 ambigo,
723 3038 818 3065 eum
852 3027 896 3065 et
927 3036 1002 3063 vos
1036 3019 1267 3062 abundetis
1300 3017 1543 3059 tabellariis
1578 3020 1621 3057 et
1653 3030 1720 3057 me
1755 3015 1901 3056 sciatis
1934 3012 2131 3053 laborare
2166 3011 2363 3063 egestate

160 3094 371 3135 sermonis
414 3108 464 3135 ac
503 3094 730 3135 sterilitate
773 3093 898 3134 exilis
944 3090 1107 3146 ingenii
1147 3089 1267 3130 velut
1307 3087 1484 3128 aestivis
1527 3085 1750 3127 mensibus
1799 3082 1962 3124 arentis
2004 3093 2143 3121 venae
2190 3090 2363 3118 cursum

160 3162 330 3215 sudare,
362 3177 448 3204 non
479 3163 630 3205 fluere.
656 3155 663 3161 .
691 3161 918 3203 addidistis
952 3161 1097 3210 etiam,
1131 3159 1241 3200 sieut
1262 3157 1424 3198 Achilli
1457 3156 1708 3197 Patroclum
1743 3158 1818 3195 aut
1838 3151 2021 3194 Herculi
2044 3149 2263 3190 Theseum
2298 3145 2365 3186 vel

160 3231 328 3274 Theseo
358 3232 616 3284 Pirithoum,
660 3232 721 3273 ita
751 3246 827 3273 vos
868 3230 973 3272 mihi
1004 3228 1163 3270 debere
1197 3226 1365 3268 sociari.
1428 3225 1471 3266 in
1503 3225 1570 3266 his
1602 3222 1759 3265 fabulis
1792 3221 2004 3276 factisque
2036 3218 2249 3260 maiorum
2280 3228 2365 3255 non

161 3302 510 3357 praerogativam
541 3316 843 3357 personarum,
883 3300 960 3342 sed
993 3297 1363 3354 comparationem
1395 3294 1604 3336 debemus
1638 3291 1885 3334 dilectionis
1919 3290 2137 3345 accipere,
2178 3290 2225 3326 ut
2256 3285 2364 3326 anti-

301 3441 319 3474 1
346 3442 606 3475 occansionibus
633 3439 666 3474 G
806 3439 829 3473 4
852 3440 1001 3472 uinculis
1022 3435 1055 3471 G
1150 3434 1281 3479 sponte]
1311 3433 1354 3475 G,
1385 3435 1504 3467 delerit
1529 3433 1718 3466 Illommsen
1858 3430 1879 3463 ἶ)
1905 3425 2008 3469 nuuc]
2036 3425 2246 3468 Lt'itjolcann,
2280 3428 2303 3454 u
2325 3421 2367 3463 (ι’,

163 3499 276 3532 nescio
297 3499 452 3532 Canis-ius
537 3500 626 3532 sicut
650 3503 701 3532 est
726 3503 879 3542 paratum
907 3508 952 3530 an
977 3496 1079 3529 simul
1104 3494 1346 3536 transcriptum
1367 3492 1506 3525 reddere
1524 3491 1610 3523 coni.
1628 3490 1817 3523 Allcmmsen
1951 3486 1971 3518 6
1996 3480 2217 3527 disparatmn]
2237 3480 2368 3521 scripsi,

161 3554 337 3600 llparatum
363 3554 398 3589 G
512 3557 630 3600 pendit
656 3554 690 3589 G
858 3555 879 3588 9
914 3553 978 3597 IX]
1013 3553 1153 3585 Ruricio
1189 3551 1353 3584 Sidonius
1385 3561 1434 3592 ep.
1464 3549 1576 3589 VIII,
1607 3551 1662 3588 10,
1698 3558 1806 3589 supra
1830 3558 1868 3588 21.
1895 3546 1959 3577 138
1994 3540 2205 3584 respondisse
2235 3537 2367 3569 videtur

165 3613 209 3647 12
223 3615 357 3647 delictio
370 3611 404 3647 G
522 3612 565 3646 16
579 3615 660 3647 flere
675 3611 709 3646 G
827 3610 869 3645 17
883 3613 1071 3656 portionem
1085 3608 1118 3643 G
1234 3607 1277 3641 18
1291 3608 1374 3640 mihi
1389 3604 1422 3638 G
1538 3605 1582 3638 522
1597 3607 1742 3638 refertur
1754 3602 1786 3636 G
1902 3601 1946 3634 23
1959 3597 2067 3639 cibus]
2087 3598 2185 3630 ciuus
2201 3596 2238 3627 in
2251 3606 2320 3626 ras.
2337 3591 2370 3626 G

165 3676 282 3715 partus
297 3669 331 3704 G
445 3669 491 3704 ‘24
513 3669 563 3713 ut]
584 3669 613 3703 ἃς
631 3669 665 3704 G
779 3669 824 3703 25
848 3670 1018 3703 accedite*
1035 3666 1069 3701 G
1138 3664 1188 3709 ut]
1208 3665 1418 3708 Leitjokavm,
1442 3668 1475 3696 et
1494 3661 1527 3696 G
1643 3661 1688 3695 30
1706 3661 1852 3705 pectoris
1875 3656 1940 3700 sui]
1959 3656 2090 3699 scripsi,
2115 3653 2242 3697 pectori
2258 3663 2319 3683 suo
2336 3648 2370 3683 G

165 3730 209 3764 32
234 3728 353 3773 baiuli]
379 3742 403 3763 u
428 3735 458 3762 et
481 3730 493 3762 i
516 3730 676 3762 inlitum
696 3727 730 3762 G
867 3726 912 3761 34
937 3727 1074 3760 himina
1096 3723 1129 3758 G
1269 3721 1313 3756 36
1338 3722 1490 3756 aestiuus
1510 3719 1543 3754 G
1683 3717 1726 3753 37
1752 3717 1875 3751 hirculi
1897 3713 1930 3748 G
2069 3711 2112 3745 39
2137 3706 2366 3752 antiquorum]

165 3789 377 3832 IJz'itjohann,
401 3788 586 3820 amicorum
613 3785 646 3819 G

307 3867 477 3903 Smomus.
2052 3847 2096 3881 39

2392 1382 2414 1418 Νι

2408 2937 2432 2975 ῐὺ
