2583 4011
951 199 1092 233 LIBER
1122 201 1165 234 ΙΙ.
1200 199 1230 233 ΙΙ
1257 200 1276 242 ξ
1308 201 1321 232 1
1351 219 1392 224 -
1421 200 1468 233 lv
1495 201 1515 243 ξ
1541 200 1571 234 7.
2277 206 2358 244 313

159 317 393 363 referendi,
432 317 502 372 qui
536 321 661 357 sanat
695 317 962 360 vulneratos,
1004 315 1074 370 qui
1109 315 1274 356 relevat
1307 322 1521 358 maestos.
1555 318 1625 369 qui
1661 319 1906 358 vonsolatur
1939 318 2148 359 adflictos.
2211 325 2254 359 et
2288 320 2361 359 illa

157 387 294 427 sancti
318 387 394 427 Iob
428 387 640 426 sententia
663 387 834 427 omnino
857 385 1041 426 dicenda
1065 390 1148 425 est:
1185 384 1356 425 domin
1371 399 1427 424 us
1461 384 1621 426 dedit.
1655 385 1908 426 domiuus
1942 387 2183 432 abstulit,
2219 388 2292 428 sie
2308 396 2361 428 ut

158 455 362 496 domino
405 456 625 511 placuit,
671 456 747 495 ita
791 460 839 496 et
882 456 1072 496 factum
1112 459 1209 495 est:
1255 454 1327 494 sit
1370 469 1555 494 nomen
1598 454 1787 495 domini
1832 455 2177 498 bvuedivtum.
2252 457 2357 497 lutee
2405 484 2412 495 .

157 540 281 580 erge,
320 525 480 566 domini
514 525 700 580 pectoris
734 525 837 569 mei,
870 525 1062 566 scribere
1098 524 1218 564 vobis
1253 523 1410 564 ideireo
1443 523 1734 578 praesumpsi,
1768 529 1812 563 ut
1845 523 2037 564 dolorem
2072 541 2356 571 communem,

104 604 118 625 ⁵
156 608 283 649 quem
316 594 506 635 sciebam
539 593 651 648 quod
685 595 826 635 verbis
863 594 968 635 meis
1002 593 1202 647 mitigare
1236 607 1319 633 uon
1354 598 1571 648 poteram,
1613 592 1678 632 vel
1719 591 1874 632 divinis
1908 593 2092 647 eloquiis
2127 605 2358 649 utcumque

83 1134 115 1158 10

76 1903 110 1928 20

75 2610 108 2633 30

73 2956 106 2981 35

157 662 418 704 moderarer.
481 677 583 704 vero
614 677 698 703 non
733 663 956 703 minimum
990 662 1172 718 potestis
1214 676 1368 716 cupere
1412 661 1464 701 de
1499 660 1656 702 (slliristi
1692 660 1913 701 voluntate
1957 662 2185 704 solarium.
2232 664 2357 717 quod.

157 737 369 787 quatenus
417 732 557 786 ipsum
607 732 860 772 immaturus
908 732 1112 772 manebat
1160 732 1383 774 interitus,
1433 731 1564 771 talem
1614 745 1712 771 eum
1762 736 1829 770 est
1877 730 2080 783 diguatus
2122 747 2357 775 assumere.

156 803 345 857 qualium
391 816 570 856 regnum
612 801 720 842 dixit
764 818 862 843 esse
906 802 1146 844 caelorum:
1194 806 1240 842 ut
1281 806 1324 842 et
1368 805 1597 855 patronum
1641 800 1860 840 haberetis
1906 815 1959 840 ex
2004 800 2090 840 filio
2138 806 2181 841 et
2222 802 2358 841 miuus

156 871 363 913 doleretis
396 871 618 917 amissum,
652 886 778 927 quem
813 886 837 912 a
869 870 1043 912 domino
1078 870 1294 913 videbatis
1327 876 1613 927 assumptum.

1218 1126 1296 1167 IV.

279 1230 534 1273 HOMINIS
570 1231 932 1272 SUBIAMIBUS
968 1230 1041 1270 m*
1076 1229 1135 1270 IN
1171 1229 1433 1270 Cllltls'ro
1467 1230 1705 1270 mmmm
1743 1200 2230 1272 lucleeTlsfflMls

517 1300 856 1341 FRATRIBUs‘
890 1299 1167 1341 NAMATIO
1202 1299 1276 1339 ET
1311 1299 1662 1340 (JERAUNJAE
1696 1299 1996 1340 ffl'fflews

289 1377 486 1441 SAffl‘irs,
521 1398 731 1439 carissimi
754 1398 924 1443 fratres,
957 1412 1036 1453 per
1057 1397 1299 1438 communis
1323 1397 1466 1438 luctus
1491 1398 1821 1439 acerbissimum
1847 1413 1995 1439 casum
2021 1399 2142 1439 vobis
2167 1400 2355 1440 seribere

151 1470 224 1506 aut
257 1466 311 1507 ad
344 1481 419 1508 vos
452 1467 603 1510 venire
636 1467 842 1523 disposui,
876 1466 952 1508 scd
986 1480 1161 1522 semper
1193 1481 1261 1508 me
1295 1472 1338 1507 ct
1372 1466 1425 1507 ab
1460 1467 1626 1508 itineris
1659 1468 1883 1522 procinctu
1916 1468 2141 1509 infirmitas
2165 1469 2356 1524 corporis

100 1552 111 1565 Ἰ
150 1539 193 1576 et
225 1536 279 1577 ab
313 1537 539 1592 epistulari
573 1537 711 1578 officio
745 1536 903 1577 nimius
946 1535 1066 1577 dolor
1107 1535 1247 1577 cordis
1292 1537 1489 1578 retraxit.
1551 1551 1650 1576 nam
1694 1536 1728 1577 si
1769 1537 1941 1591 quando
1983 1537 2036 1578 ad
2082 1538 2356 1578 seribemlum

149 1605 339 1646 animum
373 1621 466 1646 sum
500 1610 680 1647 conatus
714 1606 961 1657 intendere,
1003 1606 1151 1646 statim
1184 1620 1335 1647 sensus
1369 1606 1553 1657 horruit,
1596 1621 1717 1647 mens
1760 1607 1921 1661 refugit
1962 1614 2005 1648 et
2047 1608 2107 1648 ita
2145 1608 2246 1649 mihi
2281 1623 2355 1663 pro

149 1675 418 1716 sermonibus
452 1690 624 1732 semper
656 1676 783 1717 fletus
822 1676 1025 1727 occurrit,
1069 1681 1116 1717 ut
1157 1676 1276 1731 prius
1319 1676 1525 1731 paginam
1559 1676 1834 1717 lacrimarum
1867 1676 2002 1718 imbre
2036 1677 2355 1732 perfunderem,

147 1757 273 1799 quam
307 1745 403 1786 stilo
436 1745 676 1801 pingerem,
710 1746 823 1786 sicut
855 1745 962 1786 dixit
995 1746 1069 1787 ille
1104 1751 1328 1801 paternam
1363 1745 1562 1787 indicans
1596 1745 1649 1787 de
1683 1746 1759 1786 filii
1793 1746 2026 1788 amissione
2060 1747 2288 1802 pietatem:

628 1827 710 1868 bis
745 1831 965 1868 conatus
999 1831 1110 1868 erat
1142 1841 1295 1868 casus
1329 1826 1600 1883 effingere
1634 1827 1684 1868 in
1716 1841 1866 1879 auro,

629 1897 714 1939 bis
747 1897 948 1953 patriae
983 1896 1223 1939 cecidere
1256 1911 1467 1949 manus,

146 1976 215 2016 vel
257 1976 372 2031 quod
412 1977 557 2034 potius
597 1993 622 2019 a
664 1992 733 2019 mc
774 1977 951 2029 dicitur,
999 1979 1203 2033 quoniam
1250 1979 1477 2033 negabat
1526 1978 1786 2020 consolari
1830 1978 2005 2018 anima
2046 1992 2172 2020 mea.
2243 1978 2356 2019 haud

144 2045 312 2086 iniuria.
376 2046 547 2102 perdidi
579 2047 693 2090 enim
725 2047 872 2099 filiam,
913 2062 1039 2103 quam
1074 2053 1118 2090 ct
1150 2063 1217 2090 mc
1251 2049 1499 2104 suscepisse
1533 2054 1578 2090 et
1608 2063 1685 2090 vos
1718 2049 1922 2104 genuisse
1956 2048 2222 2103 gratulabar„
2256 2064 2352 2104 per-

146 2114 232 2156 didi
262 2116 374 2158 vitae
406 2118 628 2168 solacium,
662 2118 934 2174 posteritatis
969 2132 1104 2173 spem,
1138 2118 1270 2160 decus
1292 2119 1497 2169 familiae,
1531 2118 1674 2160 cordis
1697 2118 1917 2173 gaudium,
1950 2118 2094 2158 lumen
2118 2119 2353 2160 oculorum.

146 2199 227 2226 nec
260 2186 445 2242 simplici
479 2202 573 2228 sum
606 2187 792 2229 orbitate
824 2188 1067 2243 perculsus,
1101 2202 1200 2228 nam
1230 2202 1325 2229 cum
1349 2188 1438 2229 filia
1461 2192 1505 2230 ct
1527 2188 1683 2230 fratres
1708 2188 1846 2239 amisi,
1880 2202 2059 2243 quorum
2084 2202 2151 2229 me
2179 2188 2353 2228 solabar

95 2271 107 2282 Ἰ
145 2254 319 2307 affeetu,
353 2269 533 2311 quorum
565 2271 633 2298 me
667 2257 973 2299 coniunctione
1006 2256 1237 2298 iactabaln.
1301 2257 1544 2312 disruptum
1577 2262 1656 2309 est,
1689 2258 1847 2299 fratres
1877 2257 2101 2308 carissimi,
2136 2257 2354 2298 vinculum

144 2324 445 2378 germanitatis
489 2330 681 2378 nostrae,
725 2326 919 2367 ablatum
963 2326 1089 2368 nobis
1133 2331 1200 2368 est
1236 2327 1392 2382 pignus
1431 2330 1609 2368 mutuae
1644 2327 1850 2369 caritatis.
1912 2326 1983 2367 hei
2024 2326 2152 2377 mihi,
2196 2328 2353 2367 fratres

146 2393 310 2449 optimi,
343 2394 446 2436 dum
479 2395 725 2451 depositum
757 2401 962 2446 vestrum,
997 2397 1119 2438 cuius
1153 2411 1221 2437 me
1255 2395 1486 2438 traditione
1516 2397 1748 2452 ceperatis,
1780 2396 1946 2443 amitto,
1980 2411 2065 2437 una
2086 2411 2162 2437 vos
2187 2395 2352 2451 perdidi

147 2468 190 2504 et
220 2463 317 2505 ideo
350 2464 394 2505 in
425 2465 552 2506 unius
585 2465 923 2507 necessitudinis
957 2466 1095 2521 gradu
1128 2466 1415 2522 complurium
1447 2466 1551 2507 mihi
1584 2466 1958 2508 necessitudinum
1993 2467 2154 2507 solacia
2184 2467 2354 2507 sublata

146 2533 328 2588 suspiro.
391 2535 530 2575 solam
561 2538 707 2575 tamen
739 2535 943 2590 patriam,
986 2549 1097 2591 quae
1137 2535 1241 2576 mihi
1273 2549 1352 2590 per
1382 2535 1523 2591 ipsam
1555 2535 1775 2591 adquisita
1805 2536 1964 2588 fuerat,
2015 2550 2100 2577 non
2142 2536 2352 2586 amittam,

145 2602 217 2656 qui
257 2602 369 2644 hanc
410 2603 514 2645 mihi
557 2604 829 2660 potissimum
871 2608 1031 2646 terram
1065 2619 1194 2660 quam
1225 2605 1301 2645 illa
1333 2618 1511 2660 corporo
1545 2619 1623 2645 suo
1657 2606 1889 2661 occupavit
1920 2606 2104 2661 patriam
2137 2605 2351 2647 iudicabo.

146 2671 224 2713 sed
265 2686 347 2727 quo
387 2673 612 2715 immemor
644 2674 795 2727 officii,
835 2688 1003 2716 memor
1043 2674 1237 2729 gratiae,
1281 2673 1429 2716 dolore
1468 2674 1743 2730 impellente,
1785 2674 2041 2730 progredior
2073 2679 2116 2716 et
2157 2679 2351 2730 tempore

145 2741 419 2795 aliquatenus
451 2744 609 2785 vulnus
651 2743 888 2785 obductum
928 2744 1122 2786 rediviva
1161 2743 1462 2786 recordatione
1502 2749 1724 2799 tamquam
1757 2759 1869 2786 nova
1901 2745 2094 2786 sectione
2128 2744 2351 2786 rescindo?

146 2814 189 2851 et
226 2811 298 2865 qui
341 2812 555 2853 consolari
586 2827 663 2854 vos
704 2813 849 2869 potius
888 2827 967 2868 per
1009 2813 1153 2854 divina
1196 2813 1414 2869 promissa
1452 2813 1702 2869 cupiebam,
1747 2814 2088 2856 consolationem
2128 2814 2223 2869 ipse
2266 2828 2352 2854 non

144 2879 298 2935 cupio?
361 2895 515 2922 causas
557 2886 702 2923 tamen
734 2882 854 2923 vobis
896 2881 1077 2923 recidivi
1115 2882 1241 2923 huius
1281 2882 1442 2924 doloris
1474 2897 1705 2938 exponam.
1766 2888 2000 2939 utcumque
2035 2883 2149 2925 enim
2183 2884 2350 2924 animus

143 2962 341 2991 maerore
375 2950 594 2992 confectus
628 2951 824 3007 recipere
857 2952 1200 2993 consolationem
1240 2953 1483 3008 apostolica
1525 2952 1827 2994 exhortatione
1869 2953 1954 2993 iam
2000 2957 2225 3008 coeperat,
2269 2967 2351 3007 qua

144 3017 223 3058 ait:
265 3019 393 3060 nolo
426 3034 511 3060 vos
544 3020 808 3075 ignorare,
847 3021 1061 3073 fratres,
1106 3020 1168 3062 de
1213 3020 1624 3073 dormientibus,
1667 3037 1728 3063 ne
1772 3022 2167 3063 contristemini
2211 3022 2351 3062 sicut

146 3089 311 3129 ceteri
349 3089 441 3144 qui
483 3104 648 3145 spem.
670 3104 774 3131 non
815 3090 1047 3140 habent,
1093 3090 1190 3143 sed,
1228 3091 1302 3132 ubi
1334 3091 1488 3132 infelix
1519 3096 1666 3132 noster
1697 3091 1937 3133 communis
1969 3091 2144 3132 advenit
2176 3096 2218 3131 et
2251 3105 2348 3132 eum

145 3156 237 3198 sine
283 3171 335 3199 ea
381 3172 465 3214 qua
509 3159 627 3215 prius
675 3159 936 3215 splendebat
982 3175 1154 3215 gemma
1196 3162 1426 3217 conspexi,
1474 3175 1551 3217 per
1593 3175 1720 3216 quam
1764 3161 1868 3202 mihi
1908 3165 1950 3202 et
1991 3161 2210 3216 acceptior
2252 3175 2348 3201 esse

280 3353 303 3386 2
335 3352 399 3388 Iob
430 3354 464 3395 I,
492 3355 547 3390 21.
687 3357 708 3390 8
742 3355 876 3390 Matth.
907 3355 1011 3397 XIX,
1042 3355 1096 3390 14.
1244 3356 1287 3390 19
1321 3355 1432 3401 Vei-g.
1458 3357 1548 3392 Aen.
1567 3357 1635 3399 VI,
1664 3357 1720 3392 32.
1752 3358 1807 3392 33.
1952 3357 1996 3391 21
2030 3357 2086 3391 Ps.
2119 3356 2286 3397 LXXVI,
2317 3358 2347 3390 3.

142 3409 188 3443 36
212 3409 239 3445 Ι.
267 3409 392 3447 Thess.
418 3412 481 3454 IV,
507 3413 562 3448 12.

282 3527 301 3560 1
331 3530 460 3561 refendi
488 3530 518 3562 G
682 3531 704 3565 3
734 3529 964 3574 benedictum]
998 3531 1039 3564 de
1069 3531 1168 3563 rebus
1199 3531 1351 3564 adversis
1375 3532 1438 3564 Iob
1462 3533 1561 3576 fflfra
1588 3532 1642 3574 II,
1663 3535 1708 3566 39
1731 3533 1850 3576 fzwius
1875 3532 1988 3575 assitm-
2151 3530 2172 3564 5
2197 3532 2343 3564 sciebam

143 3596 210 3626 quo
235 3585 287 3617 G:
311 3585 394 3618 haec
416 3586 515 3629 infra
540 3587 596 3628 II,
619 3591 661 3621 39
686 3589 807 3621 desunt
968 3588 989 3621 6
1021 3589 1211 3621 moderarer
1242 3586 1336 3631 uere]
1370 3590 1542 3622 moderare
1572 3601 1654 3623 uere
1680 3591 1745 3631 G¹‚
1775 3591 1982 3623 moderarern
2005 3591 2035 3622 ἃ
2060 3601 2140 3622 uere
2173 3601 2261 3621 corr.
2284 3590 2348 3630 G2,

143 3642 318 3675 moderare
348 3654 482 3686 reuere,
508 3645 536 3677 si
560 3646 644 3678 mihi
668 3647 765 3688 quasi
789 3651 902 3679 uestro
927 3647 1063 3679 creditis
1096 3646 1189 3678 cordi
1221 3646 1320 3689 &rifi-a
1345 3647 1405 3688 II,
1427 3649 1471 3680 39
1663 3647 1682 3680 7
1716 3653 1882 3681 ouatenus
1912 3648 1942 3679 G
2079 3647 2147 3679 tale
2178 3659 2291 3679 meum
2319 3648 2349 3678 G

146 3698 188 3731 12
218 3701 371 3733 namacio
400 3701 429 3733 G
585 3702 628 3735 13
657 3704 914 3736 aceruissimum
943 3704 973 3736 G
1131 3702 1174 3736 18
1203 3704 1252 3736 fili
1281 3704 1311 3736 G
1465 3704 1509 3737 21
1543 3711 1602 3738 aut
1630 3706 1660 3738 G
1813 3704 1859 3737 24
1889 3705 1993 3737 filiam
2022 3705 2052 3736 G
2159 3705 2290 3737 solebat
2318 3705 2347 3737 G

141 3755 187 3790 ‘25
210 3757 413 3790 disrumtum
442 3760 472 3791 G
609 3757 655 3792 34
678 3771 741 3793 uos
767 3760 798 3793 G
937 3761 982 3794 36
1008 3773 1071 3794 nec
1100 3761 1130 3793 G

281 3835 453 3871 Smomus.
2027 3841 2074 3875 40

2404 668 2428 701 (i

2403 1541 2427 1578 10

2400 1982 2423 2018 :3

2397 2677 2421 2713 (j

2437 318 2477 361 (ι’
