2583 4011
186 151 263 189 104
1047 146 1227 181 SIDONII
1253 147 1595 183 EPISTULARUM

175 261 372 315 pavenda
403 261 688 302 mansuetudo
723 275 966 302 cervorum:
1009 275 1105 302 cum
1145 266 1190 303 tu
1230 264 1343 304 inter
1380 263 1464 305 ista
1501 263 1696 305 discessu
1736 264 1972 319 primorum
2012 266 2373 321 populariumque

178 334 293 370 statu
325 330 443 370 urbis
478 331 698 372 exinanito
731 331 784 371 ad
818 345 924 371 nova
959 332 1075 372 celer
1097 336 1293 373 veterum
1315 332 1603 373 Ninivitarum
1627 333 1829 388 exempla
1851 332 2093 384 decurristi,
2127 348 2180 375 ne
2203 334 2375 375 divinae

107 401 128 437 4
176 398 455 439 admonitioni
488 404 563 440 tua
593 413 762 454 quoque
796 399 1041 455 desperatio
1067 400 1396 442 conviciaretur.
1450 405 1492 441 01
1514 415 1615 442 vere
1648 401 1730 441 iam
1755 401 1808 442 de
1831 401 1911 443 deo
1935 406 1980 442 tu
2002 403 2176 443 minime
2199 407 2373 458 poteras

178 466 344 521 absque
390 474 568 523 peccato
609 473 705 523 post
742 469 947 509 virtutum
987 469 1288 524 experimenta.
1327 468 1537 511 diffidere.
1598 483 1697 509 nam
1731 484 1827 510 cum
1866 471 1961 512 vice
1994 471 2178 526 quadam
2222 472 2373 513 civitas

173 536 438 590 conflagrare
473 538 700 592 coepisset,
733 537 839 578 fides
871 542 945 578 tua
976 537 1018 577 in
1052 538 1126 578 illo
1159 537 1312 578 ardore
1343 538 1442 593 plus
1475 538 1627 586 caluit:
1660 542 1823 579 etcum
1853 539 1896 580 in
1919 544 2157 596 conspectu
2189 540 2372 596 pavidae
2426 551 2439 572 ἵ·

173 604 312 658 plebis
345 605 517 647 obiectu
554 607 645 647 solo
679 607 869 661 corporis
909 607 969 647 tui
1009 607 1118 661 ignis
1149 620 1351 647 recussus
1389 607 1431 647 in
1463 611 1635 662 tergum
1667 607 1860 661 fugitivis
1892 608 2079 649 flexibus
2113 609 2371 661 sinuaretur,

172 673 381 714 miraculo
413 675 596 716 terribili
635 689 744 715 novo
778 675 998 715 invisitato
1041 675 1163 715 affuit
1200 676 1397 716 flammae
1438 675 1593 717 cedere
1634 690 1712 731 per
1749 678 2061 730 reverentiam,
2103 678 2170 719 cui
2211 679 2372 719 sentire

103 744 126 781 5
172 742 309 784 defuit
341 758 417 799 per
448 750 659 787 naturam.
732 745 862 798 igitur
905 745 1088 799 primum
1127 745 1262 785 nostri
1304 745 1465 786 ordinis
1508 745 1611 786 viris
1653 749 1696 786 et
1735 745 1800 786 his
1840 746 1988 801 paucis
2029 746 2181 787 indicis
2211 746 2372 789 ieiunia

169 811 390 853 interdicis
424 814 605 868 flagitia.
640 814 851 869 supplicia.
883 813 1098 868 praedicis
1132 813 1325 855 remedia
1357 814 1591 870 promittis;
1624 814 1806 869 exponis
1839 814 2038 856 omnibus
2070 829 2150 856 nec
2182 830 2368 871 poenam

170 880 448 936 longinquam
480 896 575 923 esse
609 897 687 923 nec
711 883 901 924 veniam:
934 882 1065 923 doces
1088 882 1369 924 denuntiatae
1404 882 1648 924 solitudinis
1680 883 1818 924 minas
1852 884 2093 925 orationum
2126 884 2367 940 frequentia

170 963 266 990 esse
299 951 583 993 amoliendas:
633 965 781 992 mones
829 951 1131 993 assiduitatem
1174 952 1355 994 furentis
1400 951 1586 993 incendii
1627 966 1738 1006 aqua
1785 952 1929 1007 potius
1975 953 2197 994 oculorum
2246 968 2371 1009 quam

165 1018 383 1059 fluminum
417 1034 545 1075 posse
579 1020 809 1074 restingui;
843 1034 992 1061 mones
1024 1021 1237 1062 minacem
1270 1025 1413 1062 terrae
1446 1024 1638 1062 motuum
1673 1020 2036 1063 conflictationem
2069 1022 2169 1064 fidei
2203 1023 2369 1064 stabili-

98 1088 121 1122 05
169 1091 257 1127 tate
290 1087 557 1130 firmandam.
621 1089 741 1130 cuius
775 1089 1001 1130 confestim
1045 1103 1210 1144 sequax
1242 1089 1418 1130 humilis
1450 1089 1577 1130 turba
1610 1090 1778 1131 consilii
1810 1090 2041 1132 maioribus
2075 1105 2246 1146 quoque
2281 1093 2369 1133 suis

165 1155 246 1196 fuit
278 1156 579 1200 incitamento,
619 1171 725 1212 quos
768 1172 864 1199 011111
905 1172 990 1199 1100
1023 1159 1238 1214 piguisset
1270 1159 1442 1214 fugere,
1486 1158 1627 1200 redire
1660 1172 1744 1199 non
1777 1158 1944 1214 puduit.
2012 1174 2096 1215 qua
2137 1159 2368 1203 devotione

166 1224 360 1278 placatus
394 1226 612 1281 inspector
644 1231 866 1282 pectorum
898 1227 1003 1268 deus
1037 1227 1142 1268 fecit
1174 1242 1270 1269 esse
1295 1228 1640 1270 obsecrationem
1664 1232 1852 1269 vestram
1876 1228 1997 1269 vobis
2031 1229 2174 1281 saluti,
2210 1230 2368 1271 ceteris

165 1293 412 1338 imitationi.
457 1296 650 1351 utrisque
683 1296 913 1351 praesidio.
989 1296 1176 1352 denique
1215 1298 1302 1338 11110
1342 1297 1546 1353 deinceps
1577 1311 1661 1338 non
1693 1297 1814 1339 fuere
1848 1298 1917 1338 vel
1948 1296 2106 1338 damna
2139 1299 2373 1340 calamitati

164 1362 231 1402 vel
265 1368 435 1404 ostenta
466 1364 698 1407 formidini.
767 1380 876 1421 quae
918 1366 1061 1407 omnia
1105 1366 1246 1408 sciens
1279 1368 1462 1423 populus
1494 1368 1574 1408 iste
1606 1365 1932 1408 Viennensibus
1965 1368 2047 1408 tuis
2080 1371 2123 1408 et
2155 1368 2369 1410 accidisse

164 1431 280 1485 prius
314 1436 356 1472 et
387 1446 469 1472 non
504 1434 744 1475 accessisse
782 1435 1001 1490 posterius
1035 1435 1219 1489 vestigia
1257 1439 1344 1476 tam
1384 1438 1685 1477 sacrosanctae
1726 1435 2040 1477 informationis
2079 1437 2365 1492 amplectitur,

164 1499 314 1541 sedulo
347 1507 514 1555 petens.
548 1507 594 1543 ut
626 1503 919 1544 conscientiae
952 1507 1054 1544 tuae
1087 1503 1310 1544 beatitudo
1343 1504 1485 1544 mittat
1518 1504 1759 1545 orationum
1782 1519 1954 1546 suarum
1982 1505 2189 1560 suffragia
2211 1505 2366 1560 quibus

107 1585 115 1606 a
169 1570 371 1625 exempla
403 1571 647 1613 transmisit.
711 1576 754 1612 et
787 1572 887 1626 quia
925 1572 1002 1613 tibi
1042 1573 1122 1613 soli
1161 1586 1369 1614 concessa
1411 1577 1477 1614 est
1518 1577 1617 1628 post
1656 1587 1834 1614 avorum
1872 1574 2124 1614 memoriam
2156 1575 2225 1614 vel
2265 1588 2366 1615 con-

165 1637 377 1680 fessorem
403 1639 697 1687 Ambrosium,
730 1640 911 1682 duorum
945 1646 1180 1696 martyrum
1215 1647 1496 1698 repertorem,
1530 1643 1573 1684 in
1605 1643 1800 1699 partibus
1822 1643 1939 1684 orbis
1963 1643 2132 1684 occidui
2162 1644 2364 1698 martyris

160 1705 354 1748 Ferreoli
388 1708 526 1750 solida
557 1710 781 1751 translatio
817 1710 986 1752 adiecto
1020 1711 1157 1752 nostri
1190 1712 1331 1767 capite
1364 1712 1536 1765 Iuliani,
1571 1712 1684 1767 quod
1716 1712 1842 1753 istinc
1874 1712 2124 1753 turbulento
2149 1712 2363 1767 quondam

161 1778 429 1829 persecutori
462 1792 614 1819 manus
646 1779 813 1820 rettulit
845 1784 1023 1820 cruenta
1055 1780 1282 1826 carnificis,
1316 1795 1401 1822 non
1433 1782 1635 1822 iniurium
1659 1785 1739 1830 est,
1773 1781 1885 1836 quod
1908 1795 1985 1837 pro
2009 1782 2363 1837 compensatione

162 1843 458 1899 deposcimus,
492 1852 538 1888 ut
570 1847 692 1888 nobis
725 1847 826 1889 inde
859 1849 1002 1890 veniat
1034 1863 1135 1905 pars
1168 1850 1415 1904 patrocinii,
1449 1851 1548 1905 quia
1578 1850 1703 1891 vobis
1746 1850 1843 1891 hinc
1875 1850 2003 1891 rediit
2043 1864 2143 1905 pars
2183 1851 2364 1906 patroni.

160 1925 326 1955 memor
360 1916 494 1956 nostri
529 1930 625 1958 esse
658 1916 853 1971 dignare,
887 1917 1059 1960 domine
1092 1932 1218 1974 papa.

1230 2148 1288 2191 ΙΙ.

571 2248 853 2291 SIDONIUS
885 2250 1120 2292 DOMINO
1153 2250 1350 2292 PAPAE
1385 2250 1628 2294 GRAECO
1663 2250 1957 2294 SALUTEM.

93 2341 103 2377 ¹
300 2324 500 2390 OxEnAs.
535 2349 954 2390 consummatissime
978 2349 1242 2404 pontificum,
1275 2350 1582 2392 verecundiam
1605 2364 1761 2403 meam,
1794 2349 2029 2391 multifaria
2060 2347 2187 2389 laude
2211 2362 2359 2390 cumu-

154 2414 281 2455 lando
316 2415 349 2455 si
383 2416 483 2470 quid
517 2417 613 2458 stilo
656 2418 890 2459 rusticante
929 2432 1204 2473 peraravero.
1281 2423 1411 2475 atque
1451 2421 1615 2461 utinam
1654 2424 1776 2461 reatu
1815 2423 1983 2471 eareat,
2031 2417 2145 2473 quod
2188 2417 2358 2472 apicum

153 2483 340 2537 primore
385 2499 621 2540 congressu
673 2500 930 2542 quamquam
979 2487 1330 2543 circumscriptus
1374 2489 1544 2530 veritati
1591 2489 1849 2530 resultantia
1896 2493 2041 2529 tamen
2096 2491 2140 2528 et
2186 2486 2359 2528 diversa

156 2553 360 2594 conexui:
394 2555 664 2608 ignorantiae
698 2555 909 2610 siquidem
941 2570 1064 2597 meae
1099 2556 1279 2598 callidus
1302 2558 1442 2599 viator
1473 2558 1694 2614 imposuit.
1754 2572 1854 2599 nam
1886 2557 1986 2598 dum
2020 2557 2159 2597 solum
2188 2569 2356 2597 merca-

154 2621 256 2660 toris
288 2622 529 2677 praetendit
559 2625 767 2677 officium,
809 2626 976 2667 litteras
1016 2640 1136 2668 meas
1175 2626 1229 2668 ad
1266 2627 1477 2670 formatae
1517 2629 1679 2679 vicem,
1719 2628 1885 2670 scilicet
1915 2632 1962 2668 ut
1993 2627 2149 2678 lector,
2194 2625 2355 2677 elicuit,

152 2689 227 2730 sed
261 2704 365 2745 quas
398 2692 584 2747 aliquam
617 2695 852 2749 gratiarum
884 2696 1100 2738 actionem
1134 2698 1357 2739 continere
1390 2698 1622 2740 decuisset.
1684 2711 1893 2753 namque,
1936 2700 1983 2737 ut
2015 2699 2113 2752 post
2147 2695 2351 2749 comperi,

149 2759 246 2813 plus
278 2759 616 2803 Massiliensium
650 2764 914 2819 benignitate
947 2765 1167 2820 profectus
1201 2770 1279 2819 est,
1313 2780 1441 2821 quam
1474 2771 1611 2809 status
1645 2768 1710 2808 sui
1741 2781 1818 2809 seu
1849 2779 1928 2822 per
1959 2778 2137 2807 censum
2169 2777 2245 2804 seu
2277 2776 2355 2819 per

285 2932 306 2966 3
331 2935 529 2968 {monitioni
556 2936 598 2967 JI
664 2943 742 2979 post
768 2938 955 2980 desperatio
982 2942 1020 2970 12
1046 2939 1105 2971 litt.
1131 2950 1219 2972 eras.
1246 2938 1298 2971 Ι)2
1370 2939 1613 2973 convitiaretur
1637 2938 1674 2971 F
1785 2936 1807 2970 6
1829 2948 1987 2972 recursus
2016 2936 2044 2968 C
2110 2937 2353 2969 sinuarentur

147 3012 156 3044 s
163 3023 196 3044 re
222 3019 255 3043 ur
282 3025 309 3045 ν.
336 3025 422 3047 era-s.
447 3015 510 3057 ΡΖ)
535 3016 568 3048 P
706 3016 723 3049 7
749 3019 920 3052 invisitato
947 3019 1134 3062 Ηαιιριίιι3,
1157 3020 1318 3054 inusitato
1337 3020 1474 3053 MCFP
1564 3032 1665 3063 super
1691 3021 1816 3053 sentire
1839 3031 1913 3053 var.
1940 3019 2026 3060 lect„
2051 3029 2152 3060 quam
2177 3017 2259 3051 add.
2276 3017 2321 3049 M
2327 3017 2351 3059 ¹,

145 3103 230 3124 eras.
258 3093 318 3123 ⁴11²
459 3094 480 3127 8
506 3096 650 3138 primum
677 3098 780 3139 igitur
809 3098 836 3129 C
926 3100 1031 3132 nostri
1061 3100 1188 3133 ordinis
1219 3101 1302 3133 viris
1336 3106 1369 3133 et
1400 3102 1452 3133 his
1484 3102 1601 3144 paucis
1634 3101 1754 3134 indicis
1778 3100 1903 3133 ieiunia
1928 3100 1963 3132 in
1986 3110 2058 3132 ras.
2083 3098 2145 3130 Ᾰ1Ῑ2
2240 3103 2273 3131 01
2296 3099 2349 3131 1118

144 3173 259 3213 paucis
285 3175 388 3205 nostri
415 3175 540 3207 ordinis
566 3177 646 3209 viris
675 3177 738 3209 OF
850 3177 870 3209 59
895 3180 1027 3222 flagicia
1055 3180 1083 3212 C
1198 3178 1240 3212 10
1264 3181 1486 3214 denunciatae
1512 3181 1583 3213 MC
1651 3181 1867 3223 frequentia*
1894 3177 2014 3220 (unam
2039 3179 2099 3212 litt.
2126 3190 2214 3211 eras.
2235 3178 2302 3220 1³²)
2318 3177 2352 3209 P

147 3250 184 3282 11
212 3263 284 3284 esse
309 3265 372 3286 om.
393 3254 421 3286 C
558 3255 599 3289 1ss
624 3257 782 3289 deincebs
807 3258 835 3289 C
901 3259 1047 3302 dampna
1068 3260 1175 3293 MC'F
1289 3259 1331 3293 18
1354 3232 1562 3294 sac-rqancme
1576 3260 1619 3291 M
1628 3260 1636 3279 ¹
1780 3257 1822 3291 19
1847 3270 1987 3291 suarum
2014 3258 2062 3300 (id
2086 3270 2112 3292 s.
2139 3259 2160 3292 l.
2186 3258 2268 3291 add.
2286 3258 2346 3300 6¹¹)

143 3332 330 3364 orationum
351 3333 378 3364 C
513 3333 552 3366 21
581 3337 842 3369 01011110011110
928 3345 1020 3381 parte
1045 3339 1078 3371 P
1098 3346 1128 3373 et
1152 3352 1240 3373 corr.
1266 3353 1300 3374 n.
1311 3342 1346 3384 f.
1364 3352 1404 3374 esa:
1429 3341 1516 3384 parti
1530 3340 1572 3371 M
1582 3340 1591 3359 ¹
1732 3339 1863 3372 occidui
1889 3338 2031 3371 orbisF
2119 3339 2265 3371 martiris
2278 3338 2351 3371 MC

142 3409 185 3443 22
210 3383 353 3454 quodam
381 3412 438 3443 Μ’
581 3414 625 3447 23
649 3417 762 3449 retulit
786 3417 923 3450 McFP
1059 3419 1104 3452 24
1131 3421 1228 3453 rediit
1253 3422 1332 3454 hinc
1348 3421 1386 3454 F
1520 3419 1565 3453 25
1590 3431 1664 3453 0880
1690 3420 1829 3463 dignare
1854 3419 1987 3452 domine
2012 3431 2097 3462 papa
2121 3431 2185 3452 om.
2211 3419 2348 3451 MOFP

142 3489 186 3522 2⁴5
212 3492 303 3533 ppist.
332 3492 379 3523 II
399 3498 498 3524 totam
526 3505 587 3526 om.
615 3495 685 3526 LT
773 3497 933 3530 Sidonius
966 3499 1100 3532 domino
1125 3506 1154 3532 et
1179 3501 1323 3533 salutem
1348 3512 1411 3533 om.
1437 3500 1475 3532 F
1609 3498 1652 3532 27
1679 3500 1895 3542 multipharia
1919 3499 1957 3531 F
2090 3498 2134 3532 28
2159 3508 2286 3542 pavero
2312 3499 2349 3531 F

139 3579 233 3603 reatu
261 3573 387 3605 utinam
413 3573 449 3605 F
606 3574 649 3607 ’29
684 3587 945 3619 congressurum
975 3580 1062 3620 (rum
1088 3581 1159 3614 ind.
1186 3581 1257 3621 F1)
1286 3581 1323 3613 F
1479 3580 1524 3613 30
1552 3591 1702 3614 conexus
1730 3580 1775 3621 (s,
1811 3581 1959 3613 cUncxni
1985 3579 2021 3611 F
2134 3580 2282 3622 inposuit
2308 3579 2345 3611 F

475 3625 490 3641 ρ

139 3650 182 3682 32
207 3653 281 3693 quis
310 3654 337 3679 Γ
427 3655 595 3687 debuisset
624 3656 681 3687 .1[1

2409 896 2441 919 10

2403 1585 2417 1608 :3
2421 1585 2436 1606 0

2393 2564 2427 2588 30
