2583 4011
617 430 667 452 2¹9⁸!

615 777 664 800 :95

617 1126 666 1147 :lim

619 1823 669 1845 :211⁸

622 2524 672 2547 320

620 2876 668 2899 :325

1114 163 1146 197 ΙΙ
1173 174 1204 196 v.
1231 163 1298 196 5244
1324 183 1366 188 —
1394 175 1426 198 v,
1452 163 1529 198 332.

710 279 721 320 i
754 293 867 320 nunc
901 284 944 321 et
976 279 1135 321 veteris
1169 279 1313 335 profer
1344 280 1580 334 praeconia
1612 279 1739 323 Tulli.

711 354 834 391 aetas
868 363 976 390 cana
1008 354 1194 404 patrum,
1229 348 1340 403 quod
1376 349 1553 404 pulchro
1589 349 1829 390 hortamine
1864 352 2050 392 mendax

712 420 902 460 occuluit
936 419 1076 473 refugi
1110 418 1307 459 nutantia
1340 417 1515 459 foedera
1549 418 1685 458 Metti.

711 489 768 528 nil
804 488 944 529 simile
979 492 1047 528 est
1080 488 1257 542 fallique
1292 494 1411 528 tuum
1446 487 1520 528 tibi
1558 502 1640 528 non
1676 489 1818 543 placet
1854 489 2034 530 hostem.

711 561 813 598 tunc
846 557 950 599 vicit
983 557 1122 603 miles,
1155 556 1256 597 dum
1291 571 1337 597 se
1371 561 1495 612 putat
1529 572 1626 598 esse
1661 558 1915 600 iuvandum:

711 627 778 668 hic
812 627 928 679 vicit,
963 630 1193 682 postquam
1228 640 1274 666 se
1308 627 1520 682 comperit
1553 641 1649 668 esse
1685 628 1893 669 relictum.

711 696 798 737 dux
834 697 957 752 fugit,
992 696 1259 751 insequel·is;
1294 700 1474 736 renovat
1508 698 1760 738 certamina.
1797 699 1953 739 vincis:

710 766 941 809 clauditur.
975 780 1224 821 expugnas:
1259 766 1460 817 elabitur,
1494 767 1641 807 obruis
1676 772 1804 823 atque

712 836 982 878 Sarmaticae
1016 836 1110 891 paci
1147 837 1334 891 pretium
1370 850 1447 877 sua
1480 836 1635 878 funera.
1668 838 1805 893 ponis.

711 912 903 962 paretur,
936 907 1101 947 iussum
1137 905 1267 947 subiit
1301 907 1384 947 iam
1418 908 1644 959 transfuga
1678 907 1811 948 letum

709 982 839 1030 atque
872 975 1104 1030 peregrino
1139 974 1298 1016 cecidit
1330 980 1404 1016 tua
1440 976 1614 1016 victima
1647 976 1775 1017 ferro.

712 1060 815 1087 ecce
848 1046 1018 1096 iterum,
1054 1046 1086 1085 si
1119 1045 1230 1086 forte
1264 1046 1420 1100 placet.
1455 1046 1651 1100 confligo.
1687 1051 1898 1088 vetustas:

710 1115 938 1157 Hannibal
972 1115 1043 1156 ille
1078 1116 1202 1156 ferox
1236 1115 1289 1156 ad
1322 1129 1508 1171 poenam
1542 1116 1653 1156 forte
1688 1116 1863 1172 petitus.

711 1185 794 1225 etsi
828 1198 912 1225 non
947 1183 1098 1225 habuit
1132 1184 1197 1225 ius
1232 1185 1345 1226 vitae
1380 1184 1463 1226 fine
1497 1198 1712 1240 supi-emm

712 1259 827 1295 certe
862 1254 1015 1295 habuit
1047 1254 1221 1295 mortis:
1257 1268 1384 1308 quem
1421 1268 1579 1296 caecus
1614 1269 1762 1296 carcer
1795 1262 1838 1295 et
1871 1270 2005 1296 uncus

711 1328 753 1364 et
786 1337 914 1378 quem
950 1323 1215 1379 expectabat
1247 1323 1464 1364 fracturus
1498 1329 1672 1379 guttura
1706 1326 1841 1376 lictor,

710 1393 856 1434 hausit
888 1392 1107 1449 Bebrycio
1144 1393 1411 1434 constantior
1444 1394 1615 1449 hospite
1650 1395 1787 1436 virus:

626 1474 665 1493 '··
712 1477 810 1504 nam
844 1467 886 1505 te
920 1464 993 1519 qui
1024 1463 1147 1517 fugit.
1182 1463 1388 1504 mandata
1421 1468 1558 1505 morte
1592 1470 1859 1520 peremptus,

711 1547 793 1574 non
828 1538 915 1574 tam
949 1533 1124 1574 victoris
1158 1533 1289 1588 periit
1322 1547 1448 1588 quam
1485 1533 1638 1574 iudicis
1673 1549 1759 1576 ore.

780 1602 906 1644 Nunc
939 1602 1058 1654 ades,
1093 1617 1116 1643 0
1151 1602 1311 1654 Paean,
1347 1604 1468 1644 lauro
1503 1604 1571 1644 cui
1606 1619 1766 1660 grypas
1801 1605 1994 1647 obuncos

713 1673 840 1714 docta
872 1673 1022 1728 lupata
1055 1672 1205 1727 ligant„
1240 1673 1441 1727 quotiens
1476 1688 1552 1728 per
1584 1674 1766 1716 frondea
1800 1676 1889 1716 lora

713 1743 851 1783 flectis
883 1743 1133 1798 penniferos
1167 1742 1308 1784 ederis
1345 1743 1613 1784 bicoloribus
1647 1758 1809 1786 armos:

717 1813 800 1854 huc
834 1817 1040 1854 converte
1076 1813 1254 1868 chelyn:
1287 1827 1374 1854 non
1408 1819 1475 1854 cst
1507 1814 1632 1855 modo
1667 1815 1812 1857 dicere
1847 1822 2018 1873 tempus

714 1884 917 1939 Pythona
950 1884 1213 1925 exstinctum
1249 1898 1329 1925 nec
1361 1884 1428 1925 bis
1464 1884 1642 1941 septena
1681 1900 1834 1927 sonare

714 1955 897 1995 vulnera
929 1953 1223 2002 Tantalidum,
1258 1968 1439 2009 quorum
1475 1955 1552 1995 tibi
1585 1956 1739 1997 funera
1772 1961 1914 1997 servat

713 2027 865 2066 cantus
901 2028 944 2066 et
977 2028 1157 2066 aeterno
1190 2025 1343 2066 vivunt
1375 2025 1416 2065 in
1451 2026 1640 2066 carmine
1672 2030 1849 2068 mortes.

713 2108 789 2135 vos
824 2107 1008 2150 quoque,
1044 2093 1306 2145 Oastalides7
1340 2095 1490 2150 paucis
1524 2109 1608 2150 quo
1641 2096 1816 2137 numine
1850 2096 1975 2137 nobis

665 2183 669 2194 ·
718 2164 887 2205 venerit
918 2164 1180 2206 Anthemius
1213 2164 1376 2220 gemini
1411 2179 1507 2206 cum
1540 2164 1715 2207 foedere
1750 2167 1873 2221 regni

712 2233 910 2289 pandite:
944 2248 1032 2289 pax
1066 2248 1212 2276 rerum
1244 2235 1361 2276 misit
1395 2235 1466 2290 qui
1499 2235 1615 2276 bella
1648 2235 1874 2289 gubernet.

786 2305 987 2346 Auxerat
1018 2304 1247 2360 Augustus
1280 2309 1462 2346 naturae
1497 2305 1594 2361 lege
1631 2304 1822 2347 Severus

712 2372 912 2415 divorum
946 2388 1196 2422 numerium
1230 2388 1359 2429 quem
1393 2388 1493 2415 inex
1527 2373 1735 2416 Oenotria
1771 2389 1918 2415 casum

712 2443 818 2485 vidit
849 2449 896 2485 ut
927 2444 1046 2486 aerei
1079 2444 1132 2486 de
1164 2444 1345 2500 rupibus
1378 2444 1632 2500 Appennini

717 2514 863 2570 pergit
896 2515 1088 2556 caerulei
1121 2514 1284 2556 vitreas
1318 2514 1372 2555 ad
1404 2513 1638 2570 Thybridis
1671 2513 1817 2560 aedes,

714 2598 801 2625 non
834 2585 962 2640 galea
994 2585 1202 2626 conclusa
1233 2598 1370 2640 genas
1404 2584 1506 2640 (nee
1539 2584 1679 2626 sutilis
1712 2583 1774 2624 illi

713 2654 899 2696 circulus
933 2654 1120 2710 inpactis
1153 2654 1334 2696 loricam
1366 2655 1509 2696 texuit
1541 2654 1716 2708 hamis),

713 2724 788 2766 sed
822 2724 988 2767 nudata
1020 2729 1168 2781 caput:
1205 2739 1282 2781 pro
1316 2725 1435 2767 crine
1468 2724 1700 2766 racemifer
1734 2725 1824 2766 exit

712 2796 898 2852 plurima
929 2809 1009 2851 per
1039 2795 1228 2837 frontem
1263 2795 1572 2850 constringens
1605 2793 1766 2850 oppida
1800 2793 1979 2849 palmes.

718 2880 883 2922 perque
916 2879 1088 2907 umeros
1121 2869 1299 2915 teretes7
1333 2865 1563 2906 rutilantes
1598 2878 1762 2920 perque
1796 2864 1984 2904 lacertos

714 2934 906 2990 pendula
938 2934 1223 2989 gemmiferae
1258 2933 1519 2976 mordebant
1553 2947 1744 2990 suppara
1774 2932 1933 2974 bullae.

714 3005 891 3060 segnior
921 3004 1088 3046 incedit
1121 3005 1241 3046 senio
1275 3003 1610 3058 venerandaque
1643 3002 1841 3044 membra

711 3074 962 3115 viticomam
996 3074 1189 3116 retinens
1221 3074 1367 3115 baculi
1396 3073 1492 3115 vice
1525 3073 1661 3115 flectit
1693 3072 1747 3114 ad
1780 3072 1960 3113 ulmum.

714 3143 791 3185 sed
824 3148 970 3186 tamen
1002 3143 1194 3185 Vbertas
1229 3144 1442 3198 sequitur:
1477 3156 1751 3198 quacumque
1784 3141 2061 3198 propinquat,

627 3222 677 3245 33⁰
723 3213 901 3256 incessu
934 3213 1143 3256 fecundat
1177 3214 1278 3262 iter;
1312 3213 1607 3268 comitataque
1640 3225 1839 3268 gressum

360 3502 429 3536 288
454 3505 545 3537 tullii
576 3504 608 3535 Τ

223 3560 292 3595 303
317 3563 492 3606 spectabat
512 3562 540 3594 C
653 3560 720 3595 307
739 3563 879 3606 griphas
900 3562 999 3603 TCP,
1023 3563 1127 3606 grifas
1145 3562 1183 3594 F
1295 3560 1362 3593 309
1388 3561 1614 3594 biseoloribus
1629 3559 1661 3592 P
1776 3557 1844 3592 315
1861 3557 2031 3590 antemius
2045 3555 2078 3588 P

715 3283 834 3325 laeta
867 3298 947 3340 per
978 3285 1217 3340 impressas
1251 3287 1369 3325 rorat
1391 3281 1626 3324 Vindemia
1658 3281 1845 3337 plantas.

714 3353 835 3396 ilicet
866 3353 1107 3409 ingreditur
1140 3352 1333 3394 Tiberini
1369 3351 1554 3408 gurgitis
1588 3355 1780 3398 antrum;

766 3502 835 3537 290
866 3505 947 3538 meti
979 3504 1048 3546 ΤΡ,
1083 3505 1185 3537 moeti
1214 3503 1249 3544 C,
1283 3504 1367 3537 meri
1392 3502 1430 3535 F
1588 3501 1654 3535 291
1687 3499 1767 3544 non]
1801 3511 1865 3534 nec
1897 3498 1957 3531 ΤΡ

2353 166 2424 207 181

2116 3496 2184 3530 29ss
2214 3496 2387 3541 pretitium
2415 3494 2451 3526 F

2191 3552 2258 3587 317
2276 3558 2445 3596 augustus

219 3624 361 3652 auxerat
384 3619 436 3651 Ta
530 3618 682 3662 severus]
709 3632 769 3663 pro
795 3631 903 3663 supra
928 3633 948 3652 v
970 3619 1022 3653 Cb
1163 3619 1232 3652 318
1257 3620 1316 3651 vix
1343 3619 1559 3652 Wilamowltz‘
1701 3616 1768 3650 319
1794 3618 1889 3658 vidit,
1916 3621 1949 3649 et
1966 3613 2164 3653 Buecheler,
2190 3617 2227 3644 ut
2252 3611 2344 3644 videt
2375 3610 2442 3643 Leo

219 3687 297 3710 aere
315 3677 352 3709 F
466 3676 533 3710 322
559 3679 684 3711 textuit
701 3678 738 3710 F
850 3677 919 3711 325
943 3679 1059 3711 teretis
1078 3678 1117 3719 P,
1142 3683 1251 3711 tentes
1269 3677 1306 3709 F
1418 3676 1485 3710 327
1512 3677 1605 3709 senio
1625 3688 1713 3709 corr.
1730 3677 1766 3708 in
1791 3676 1892 3719 genio
1909 3685 2001 3705 man.
2018 3684 2074 3714 pr.
2094 3671 2129 3702 in
2156 3669 2318 3701 Vaticano
2339 3671 2445 3701 3421:

219 3735 320 3777 genio
345 3735 471 3768 'I'C'PF
606 3734 674 3768 328
699 3734 843 3778 ulmum]
870 3737 953 3769 huffi
980 3736 1017 3768 F
1153 3736 1220 3769 329
1245 3747 1462 3779 quomunque
1489 3735 1525 3767 F
1662 3732 1724 3765 331
1756 3738 1845 3765 roi-m
1872 3744 1933 3763 om.
1957 3733 2020 3763 (¹³³,
2047 3734 2131 3760 rotat
2160 3727 2195 3759 Γ
