2583 4011
155 176 236 215 262
1020 165 1201 200 SIDONII
1226 163 1487 200 CAR-MINUM

1174 359 1341 402 XXIV.

779 466 1021 509 PROPEM
1029 464 1245 507 PTICON
1282 464 1364 506 AD
1396 460 1717 505 LIBELLUM.

780 568 1003 629 Ecnssssus
1039 586 1202 627 foribus
1242 585 1365 632 meis,
1404 584 1566 635 libelle,

710 656 820 697 hanc
862 669 1036 696 servare
1077 654 1204 703 viam.
1247 667 1412 709 precor,
1452 654 1685 702 memento,

708 739 818 780 quae
851 727 1020 765 nostros
1053 723 1164 764 bene
1197 722 1317 763 ducit
1349 721 1403 762 ad
1435 720 1622 769 sodales,

710 807 890 849 quorum
923 792 1099 834 nomina
1131 791 1308 833 sedulus
1338 781 1509 837 notavi3

651 873 665 895 1·
709 862 910 916 antiquus
943 861 1021 902 tibi
1053 874 1134 902 nec
1165 863 1331 901 teratur
1362 872 1511 913 agger.

711 931 832 972 cuius
864 943 943 984 per
976 929 1164 985 spatium
1196 928 1298 969 satis
1330 925 1514 969 vetustis

711 1013 867 1040 nomen
900 998 1165 1040 Caesareum
1197 997 1308 1038 viret
1338 994 1572 1044 columnis:

711 1067 788 1109 sed
827 1067 989 1109 sensim
1029 1065 1225 1122 gradere.
1265 1070 1309 1106 et
1346 1078 1488 1105 moras
1526 1061 1727 1104 habendo

712 1136 915 1178 affectum
947 1136 1136 1177 celerem
1165 1148 1314 1176 moves
1345 1133 1508 1175 amicis.

639 1216 670 1238 10
773 1205 839 1247 Ac
870 1205 1054 1261 primum
1084 1203 1249 1246 Domiti
1279 1204 1415 1244 larem
1448 1202 1591 1244 severi

714 1276 896 1318 intrabis
929 1274 1246 1331 trepidantibus
1280 1272 1502 1315 Camenis:

713 1350 801 1386 tam
834 1344 1058 1386 censorius
1090 1343 1206 1385 haud
1238 1342 1320 1384 fuit
1348 1343 1421 1385 vel
1451 1342 1538 1393 ille,

714 1428 841 1469 quem
874 1413 1019 1454 risisse
1053 1413 1189 1454 semel
1219 1412 1367 1453 ferunt
1397 1411 1440 1451 in
1471 1424 1600 1458 aevo;

716 1482 792 1524 sed
824 1481 1016 1537 gaudere
1048 1484 1173 1537 potes
1206 1481 1349 1535 rigore
1382 1479 1534 1521 docto:

642 1562 672 1585 ¹³»
716 1552 784 1594 hic
818 1552 853 1592 si
885 1555 929 1593 te
960 1551 1126 1607 probat,
1159 1549 1361 1591 omnibus
1393 1547 1602 1604 placebis.

714 1621 812 1662 hinc.
843 1625 886 1662 te
919 1619 1130 1675 suscipiet
1159 1618 1351 1673 benigna
1380 1617 1550 1667 Brivas7

718 1689 857 1730 sancti
889 1702 1000 1744 quae
1033 1687 1151 1729 fovet
1183 1700 1286 1727 ossa
1315 1685 1490 1732 Iuliani„

717 1772 827 1813 quae
859 1757 960 1798 dum
992 1759 1163 1797 mortua
1195 1755 1377 1796 mortuis
1408 1757 1631 1810 putantur,

716 1827 868 1868 vivens
901 1840 924 1867 e
957 1825 1124 1867 tumulo
1155 1824 1286 1864 micat
1315 1826 1526 1879 potestas.

642 1906 675 1930 ‘2⁰
718 1895 818 1937 hinc
851 1896 936 1936 iam
967 1893 1219 1936 dexteriora
1251 1893 1394 1948 carpis
1427 1906 1529 1933 arva

718 1977 1007 2019 emensusque
1040 1963 1188 2017 iugum
1221 1961 1290 2003 die
1325 1961 1404 2002 sub
1436 1975 1522 2002 uno

718 2034 877 2074 flavum
909 2032 1122 2074 crastinus
1155 2030 1312 2086 aspicis
1345 2029 1594 2075 Triobrem2

720 2107 811 2143 tum
843 2106 1005 2143 terram
1037 2099 1254 2142 Gabalum
1287 2098 1392 2140 satis
1424 2099 1620 2140 nivosam

721 2176 777 2223 et,
810 2174 1018 2226 quantum
1048 2168 1279 2224 indigenae
1313 2168 1465 2209 volunt
1495 2167 1652 2224 putari,

646 2251 677 2274 2⁵
722 2240 951 2281 sublimem
982 2239 1025 2280 in
1058 2243 1190 2294 puteo
1223 2237 1391 2278 videbis
1424 2236 1591 2278 urbem.

723 2309 821 2350 hinc
852 2314 895 2350 te
927 2308 1135 2364 temporis
1169 2306 1223 2348 ad
1255 2307 1340 2347 mei
1371 2305 1572 2347 Laconas

722 2378 937 2419 Iustinum
967 2376 1112 2433 rapies
1146 2389 1357 2431 suumque
1390 2375 1582 2427 fratrem,

721 2441 900 2502 quorum
922 2439 1058 2487 >notus
1089 2460 1209 2487 amor
1238 2459 1317 2501 per
1348 2445 1464 2486 orbis
1499 2459 1574 2485 ora

724 2516 862 2557 calcat
891 2514 1221 2569 Pirithoumque
1255 2513 1561 2568 Theseumque

649 2595 681 2618 3⁰
725 2589 769 2626 et
799 2584 931 2625 fidum
963 2582 1101 2624 rabidi
1134 2582 1329 2624 sodalem
1362 2581 1560 2625 Orestae.

723 2654 876 2694 horum
909 2666 1006 2693 cum
1037 2651 1171 2693 fueris
1205 2652 1302 2692 sinu
1333 2654 1550 2706 receptus,

725 2722 807 2763 ibis
839 2720 1056 2762 Trevidon
1088 2724 1131 2761 et
1163 2720 1443 2761 calumniosis

724 2791 911 2832 vicinum
943 2790 1084 2842 nimis,
1116 2789 1216 2841 heu,
1247 2790 1397 2844 iugum
1428 2788 1626 2831 Rutenis.

725 2860 793 2902 hic
825 2860 940 2901 docti
971 2859 1168 2900 invenies
1199 2863 1368 2914 patrem
1400 2858 1601 2909 Tonanti,

652 2940 683 2962 ³5·
727 2933 940 2970 rectorem
972 2929 1260 2982 columenque
1293 2926 1546 2975 Galliarum,

724 2998 855 3054 prisci
887 2997 1140 3039 Ferreolum
1170 3011 1320 3052 parem
1355 2995 1525 3051 Syagri,

727 3067 916 3108 coniunx
945 3065 1192 3122 Papianilla
1222 3079 1350 3120 quem
1382 3065 1540 3120 pudico

729 3151 855 3178 curas
887 3136 1150 3191 participans
1184 3135 1304 3176 iuvat
1334 3135 1498 3185 labore,

729 3206 869 3260 qualis
900 3218 980 3246 nec
1012 3203 1227 3258 Tanaquil
1259 3203 1340 3244 fuit
1371 3217 1451 3244 nec
1485 3203 1573 3253 illa,

655 3283 687 3306 ⁴⁰
730 3288 857 3328 quam
889 3278 949 3321 tu.
983 3272 1254 3328 Tricipitine7
1287 3271 1539 3327 procreasti,

316 3403 550 3446 Propeniticon
574 3402 616 3433 ad
641 3401 794 3433 libellum
812 3400 903 3432 huuc
919 3400 1020 3431 inser.
1038 3399 1232 3431 rubricator
1250 3400 1285 3431 in
1305 3399 1347 3438 0,·
1370 3398 1544 3441 inscriptio
1566 3397 1665 3439 deest,
1693 3396 1751 3429 sed
1769 3408 1839 3429 vac.
1859 3402 1957 3439 spat„
1981 3398 2017 3429 in
2032 3397 2079 3437 P;
2103 3399 2175 3431 sine
2191 3399 2293 3432 inser.
2314 3399 2380 3432 TF

177 3459 198 3490 ἴ)
223 3471 265 3492 nc
290 3460 327 3492 F
415 3465 542 3492 teretur
560 3458 592 3489 P
727 3457 748 3489 G
773 3457 898 3489 vetusti
916 3455 956 3496 Ρ,
981 3456 1134 3488 venustis
1153 3455 1190 3488 F
1323 3455 1345 3487 8
1370 3466 1508 3488 sensum
1526 3454 1563 3486 F
1642 3459 1678 3487 ut
1702 3455 1802 3495 vulfila
1931 3453 1952 3486 9
1976 3465 2080 3487 noves
2102 3455 2212 3497 vul-qo,
2236 3467 2375 3490 movens

177 3517 362 3549 Buecheler
481 3515 524 3548 10
541 3515 668 3547 domitii
686 3513 787 3553 CPF,
805 3513 937 3545 domicii
958 3512 987 3543 Τ
1100 3510 1142 3544 12
1159 3518 1218 3545 aut
1231 3512 1268 3544 F
1381 3510 1423 3543 16
1440 3512 1606 3554 benignas
1620 3510 1652 3542 Ι)
1764 3509 1807 3542 18
1824 3511 1983 3543 videntur
2003 3510 2053 3541 Ta
2163 3509 2207 3543 20
2224 3513 2330 3555 carpit
2343 3512 2381 3545 F

176 3572 221 3605 '22
245 3574 393 3606 triobrem
413 3571 508 3605 CPT
624 3570 669 3603 '25
693 3571 861 3603 sublimen
880 3569 917 3601 F
1028 3568 1071 3601 26
1096 3575 1129 3602 te
1153 3581 1217 3602 om.
1238 3570 1274 3610 C,
1298 3581 1323 3602 3.
1341 3570 1362 3601 l.
1379 3569 1461 3600 adel.
1478 3580 1521 3600 m.
1539 3579 1604 3600 rec.
1675 3568 1716 3600 ad
1743 3568 1806 3600 mci
1833 3579 1894 3600 om.
1915 3567 1952 3599 F
2069 3566 2112 3600 27
2138 3579 2326 3611 seuumque
2344 3569 2381 3602 F

177 3629 221 3662 ’28
238 3642 312 3663 oras
329 3630 404 3663 edit.
420 3628 610 3663 ,S'avaronis
726 3626 770 3660 34
788 3627 929 3660 tonantii
947 3625 1006 3658 GP
1012 3626 1047 3667 T,
1064 3627 1212 3660 tonancii
1226 3627 1263 3659 F
1366 3624 1411 3659 3ss
1428 3626 1544 3669 siagrii
1562 3624 1659 3657 codd.
1772 3623 1816 3657 39
1835 3625 1909 3657 inec
1927 3624 1984 3657 illa
2000 3624 2032 3656 P
2138 3622 2183 3657 40
2199 3631 2330 3668 quantu
2350 3626 2382 3658 T

178 3687 366 3730 trccipitinc
394 3686 494 3726 CPT,
519 3685 681 3729 trepieine
708 3684 745 3716 F
