2583 4011
196 151 278 192 378

366 260 614 303 SIDONII
637 259 991 302 EPISTULAR
1001 259 1098 302 ΠΜ

195 330 279 364 VIII
299 329 373 364 145»
392 341 399 361 :
427 328 531 372 paria
557 330 741 362 turturum
769 329 837 361 aut
860 326 966 361 binos
985 327 1104 372 pullos
1121 327 1258 361 colum-

331 385 471 418 barum.

299 456 305 475 :
332 442 502 476 simulam
544 441 689 476 Irictam
733 441 770 475 in
809 441 968 485 quadam
1006 440 1258 476 continentiae

333 499 522 542 sartagine
548 500 834 533 consecraturos.

194 557 278 591 VIII
296 557 372 592 14.ss
404 570 410 590 :
450 556 751 601 lun-gatissimum
811 555 1075 600 propositionis
1126 566 1258 598 panem

331 625 412 647 cuni
441 641 448 649 .
466 641 473 648 .
490 641 497 648 .
523 613 661 657 azymis
687 612 932 647 dedicaturos.

195 727 279 761 VIII
297 727 371 767 145
390 740 396 761 :
424 726 566 771 gratias
592 726 721 760 uberes
827 726 953 760 refero.
993 725 1034 766 cll
1053 725 1185 764 1116,3.

299 797 305 818 :
332 783 395 828 qui
419 783 536 818 bonus
562 795 610 819 es.
637 795 718 818 cum
738 782 924 821 indicaris
957 783 995 815 et
1012 781 1152 821 melior,
1178 793 1259 816 cum

333 841 477 885 legeris.
503 852 580 875 esse
606 842 642 874 te
669 839 863 884 optimum,
890 851 971 874 cum
998 838 1144 873 videris.

331 898 371 939 es.
389 898 441 932 111
457 899 520 938 7,·2.

196 956 283 990 VIII
302 955 377 991 143
395 968 402 989 ε
428 954 575 999 apicum

333 1013 374 1055 cs.
395 1012 442 1046 VI
457 1012 521 1053 9,1.

603 981 610 988 .
629 981 658 989 ..
684 964 847 988 meorum
879 955 1044 999 reportat
1073 951 1260 996 obsequia.

302 1083 307 1103 :
336 1069 484 1103 obsecro
511 1068 686 1112 impense.
729 1067 775 1109 cf.
795 1067 908 1107 1172.

302 1140 307 1159 :
335 1129 376 1160 ut
408 1125 508 1160 sitim
544 1126 707 1158 nostram
739 1150 746 1157 .
764 1151 793 1158 ..
827 1124 961 1158 litteris

333 1182 375 1223 ef.
394 1182 443 1216 Vl
457 1183 523 1223 3,1.

303 1252 309 1272 :
336 1238 473 1274 litteris
499 1238 687 1273 litteratis.
728 1237 772 1279 cf.
792 1237 944 1278 1V17‚1.
971 1237 1021 1271 IV
1034 1238 1124 1278 3‚10.

199 1296 282 1331 VIII
300 1297 372 1331 1ἷ1,1
394 1309 400 1329 :
427 1294 899 1338 consummatissimumque
925 1294 1147 1339 pontificem.

334 1353 375 1395 cf.
396 1353 444 1387 IV
462 1354 547 1393 123.
574 1352 723 1393 V112,1.

200 1411 282 1445 VIH
301 1411 376 1446 152
394 1423 400 1444 ε
428 1410 636 1445 insolubile.

302 1481 308 1501 :
336 1467 605 1512 inreposcibile.

199 1525 284 1560 VIII
303 1525 376 1564 16,1
396 1535 403 1556 :
431 1524 607 1569 obsequio
634 1534 726 1557 meo.

304 1595 311 1616 ι
338 1582 411 1616 iam
437 1581 585 1616 venitur
609 1580 657 1614 ad
682 1579 866 1623 margines
893 1579 1163 1613 umbilicorum.

1078 1123 1260 1167 inriget-is.

305 1766 311 1785 z
338 1751 411 1785 iam
439 1753 583 1794 tempus
615 1752 687 1787 est.
723 1751 765 1784 ut
795 1749 965 1783 satiricus
994 1749 1067 1789 ait,
1100 1750 1265 1783 Orestem

337 1810 503 1843 nostrum
529 1807 587 1841 vel
613 1818 722 1851 super
747 1808 854 1850 terga
879 1805 986 1840 finiri.
1027 1806 1069 1848 cf.
1088 1807 1122 1840 ΙΙ
1137 1807 1226 1848 9,10.

202 1866 288 1900 VIII
305 1866 380 1908 162
399 1878 406 1899 :
432 1864 547 1899 dictio
575 1892 581 1899 .
597 1892 604 1899 .
620 1892 626 1898 .
654 1863 848 1898 delumbis.

203 1923 289 1958 VIII
305 1924 380 1957 16.3
399 1936 405 1956 :
432 1921 638 1956 armariola.

307 1994 313 2015 z
341 1979 563 2015 zotheculas.
603 1978 643 2021 cf.
662 1978 711 2012 IX
729 1978 812 2018 11,6.

305 2051 311 2071 ;
337 2037 366 2071 si
393 2037 608 2078 refutamur,
633 2047 707 2070 non
732 2033 896 2069 excitent
920 2034 1039 2068 multa
1064 2033 1264 2068 fastidium.

202 2152 286 2187 VIII
304 2152 405 2192 16,4;
433 2148 608 2195 loquendi
646 2148 819 2183 tetricum
861 2160 978 2193 genus
1019 2161 1062 2183 ac
1103 2148 1267 2193 peranti-

339 2220 450 2252 quum
490 2235 497 2242 .
519 2234 554 2242 ..
587 2207 700 2242 verba
735 2205 884 2240 saliaria
923 2232 930 2239 .
952 2232 958 2239 .
980 2233 987 2240 .
1026 2206 1083 2240 vel
1120 2205 1266 2240 Sabinis

340 2265 506 2310 abusque
531 2265 687 2300 Curibus
712 2263 842 2298 accita.

204 2550 290 2584 VIII
308 2550 383 2584 165)
403 2562 409 2582 :
435 2549 473 2582 in
497 2548 632 2592 quibus
658 2548 741 2589 (scil.
760 2547 903 2591 amicis)
928 2549 1053 2582 tamen
1071 2548 1268 2590 utrumque

343 2606 584 2650 complector,
621 2605 697 2639 sive
730 2616 803 2639 non
838 2604 975 2638 fallunt
1005 2603 1176 2639 examine
1206 2614 1269 2637 seu

343 2663 498 2697 caritate
543 2662 723 2697 falluntur
765 2661 1038 2705 (ct1V1116,3)‚
1075 2660 1269 2704 deumque,

343 2719 441 2764 quod
467 2720 597 2760 restat,
628 2718 667 2752 in
700 2720 886 2762 posterum
912 2728 1068 2761 quaeso,
1102 2719 1144 2752 ut
1168 2728 1269 2752 secu-

344 2776 417 2811 turi
443 2778 511 2810 aut
534 2776 713 2810 fallantur
738 2774 910 2810 similiter
934 2775 1000 2808 aut
1025 2775 1209 2809 censeant.

211 3118 258 3152 IX
278 3118 328 3157 1‚1
347 3130 353 3150 :
379 3116 473 3150 liber
498 3127 615 3151 nonus
639 3119 721 3151 octo
742 3144 748 3151 .
766 3144 772 3150 .
790 3144 795 3150 .
814 3116 1065 3151 voluminibus
1083 3118 1276 3153 accrescat.

350 3173 393 3216 cs.
413 3173 464 3207 III
479 3174 545 3214 5‚1.

210 3231 260 3266 IX
278 3232 331 3272 1,ἒό
349 3244 356 3264 :
383 3230 512 3265 modus
547 3257 554 3264 .
569 3257 574 3263 .
592 3257 599 3264 .

348 3287 394 3328 cf.
413 3286 482 3320 VII
496 3287 562 3327 5‚5.

319 3358 325 3379 :
352 3344 391 3378 in
417 3343 577 3387 quadam
616 3342 776 3377 tuendae
816 3343 1002 3388 opinionis
1035 3354 1137 3378 meae
1171 3342 1276 3388 quasi

350 3400 511 3446 specula.
551 3400 593 3443 cf.
611 3399 661 3434 VI
678 3401 743 3441 1,1.

633 3241 707 3264 non
732 3232 855 3275 potest
880 3231 966 3275 poni
1090 3230 1277 3265 amicitiis.

213 3516 262 3550 IX
278 3516 331 3557 1‚4
352 3528 359 3549 :
386 3517 424 3550 te
449 3525 596 3559 quoque
622 3513 761 3548 silentii
787 3513 901 3548 nostri
928 3514 1067 3550 talione
1090 3542 1098 3549 .
1113 3542 1119 3549 .
1137 3542 1144 3548 .
1164 3514 1277 3560 plecti

348 3583 422 3606 non
447 3571 689 3616 periniurium
717 3572 781 3605 est.
821 3570 864 3613 cf.
882 3570 993 3611 V3‚1.

1131 144 1240 179 LOCI
1265 143 1454 178 SIMILES

1328 324 1459 358 Lucas.
1479 325 1570 358 1124
1590 337 1596 357 :
1622 335 1689 367 par
1706 326 1891 358 turturum
1918 326 1984 358 aut
2008 324 2098 358 duos
2117 322 2237 367 pullos
2252 321 2388 355 colum-

1373 381 1513 415 barum.
1554 381 1598 422 cf.
1626 380 1735 414 Lavit.
1762 381 1846 414 114.
1872 380 1903 413 V
1920 381 1972 413 11.
1999 380 2068 413 XII
2082 381 2113 413 8.

1328 438 1434 472 Lerit.
1470 438 1577 471 115:
1615 436 1643 470 si
1681 436 1822 471 oblatio
1859 438 1925 471 tua
1961 436 2073 470 fuerit
2110 435 2154 469 de
2190 436 2389 478 sartagine,

1374 493 1516 528 similae
1543 505 1758 537 conspersae
1784 494 1864 527 oleo
1889 505 1914 528 c.
1931 503 1962 536 q.
1979 504 2043 536 seq.

1328 551 1437 585 Lerit.
1466 551 1557 584 114:
1585 562 1698 594 panes
1731 576 1738 583 .
1758 577 1764 584 .
1782 578 1789 585 .
1816 550 1954 594 absque
1985 550 2165 584 fermento
2271 550 2309 582 et
2339 548 2390 582 la—

1373 619 1472 652 gana
1496 618 1635 650 azyma.
1685 607 1800 641 Eoeocl.
1826 607 1887 641 XL
1900 607 1943 641 21
1964 619 1971 640 ι
1997 604 2261 650 propositionis
2286 604 2391 649 pani-

1375 664 1450 698 bus.
1492 664 1574 707 Rea.
1593 664 1608 697 1
1627 663 1791 707 (Sam-ael.
1811 664 1840 707 l)
1858 665 1959 706 21,6:
1983 674 2096 707 panes
2114 660 2389 707 propositionis.

1331 778 1429 812 Plin.
1462 777 1566 817 113‚1
1599 789 1605 810 :
1641 787 1777 821 magna
1814 776 1957 811 Isaeum
2000 777 2099 811 fama
2134 776 2392 820 praecesserat,

1376 834 1493 869 maior
1510 834 1683 869 inventus
1709 835 1775 868 est.
1825 845 1966 868 summa
1983 835 2039 868 est
2056 833 2214 868 facultas
2233 843 2261 867 e.
2280 843 2311 876 q.
2327 842 2391 876 seq.

1332 1118 1457 1162 Symm.
1494 1118 1610 1152 11183
1639 1131 1646 1151 z
1684 1117 1873 1152 luculento
1917 1118 2082 1161 potuerit
2123 1117 2252 1152 adfatu
2294 1116 2395 1150 sitim

1378 1176 1541 1209 nostram
1566 1174 1698 1219 rigare.
1736 1174 1777 1216 cf.
1797 1174 1847 1208 IX
1865 1174 1952 1215 88‚4.

1335 1400 1450 1435 Seiaec.
1475 1400 1516 1434 de
1541 1401 1649 1444 benef.
1674 1400 1724 1435 IV
1743 1401 1817 1441 12‚1
1837 1413 1843 1434 z
1870 1399 2078 1434 insolubile.

1333 1458 1443 1501 Apul.
1469 1458 1561 1501 apol.
1587 1470 1622 1502 p.
1640 1458 1734 1492 332:
1760 1456 2024 1501 irreposcibile.

1335 1514 1430 1548 Plzssn.
1458 1515 1543 1556 112
1562 1528 1568 1549 :
1595 1514 1774 1560 obsequii.

1338 1571 1447 1605 Mart.
1473 1572 1523 1606 IV
1535 1573 1639 1613 893:
1666 1571 1739 1606 iam
1766 1571 2000 1616 pervenimus
2027 1582 2142 1615 usque
2175 1571 2222 1605 ad
2251 1569 2400 1604 umbili-

1380 1639 1451 1662 cos.
1499 1629 1541 1671 cf.
1560 1629 1651 1663 Hor.
1669 1628 1763 1672 epod.
1791 1629 1878 1671 14‚8.
1926 1629 2002 1662 Ian.
2028 1629 2105 1662 15:
2132 1627 2264 1662 summi
2289 1627 2400 1672 plena

1381 1685 1455 1719 iam
1481 1686 1648 1731 margine
1674 1685 1770 1720 libri.

1336 1742 1433 1777 *Imm
1459 1743 1510 1777 16
1536 1756 1543 1777 :
1579 1743 1738 1788 scriptus
1769 1744 1807 1777 et
1846 1743 1886 1777 in
1918 1744 2023 1787 tergo
2054 1754 2122 1777 neo
2155 1742 2242 1776 (lum
2273 1740 2400 1775 finitus

1384 1799 1539 1835 Orestes.
1942 1788 1945 1791 .

1339 1856 1436 1891 Pers.
1463 1857 1477 1890 Ι
1495 1857 1559 1891 104
1578 1871 1585 1892 2
1611 1857 1793 1892 delumbe.

1337 1913 1462 1949 Plane.
1492 1914 1593 1949 Truc.
1621 1915 1753 1955 11,35:
1780 1913 1988 1948 armariola.

1339 1970 1435 2005 le.
1454 1971 1486 2006 V
1499 1972 1578 2014 6‚38
1597 1985 1604 2006 :
1631 1971 1833 2006 zothecula.
1875 1971 2023 2012 1117,21
2044 1983 2051 2004 ;
2078 1969 2240 2003 zotheca.

1337 2028 1432 2063 Ptin.
1452 2028 1616 2071 V112‚3:
1643 2028 1826 2074 epistulae
1853 2056 1860 2062 .
1876 2055 1906 2063 ..
1932 2027 2110 2062 molestae
2141 2027 2179 2060 et
2207 2025 2291 2060 ideo
2321 2025 2402 2059 bre-

1382 2085 1512 2121 viores.

1337 2143 1417 2178 Iffi'v.
1449 2144 1465 2178 I
1491 2144 1597 2187 18‚1:
1630 2142 1787 2178 Curibus
1825 2141 1981 2177 Sabinis.
2041 2141 2085 2176 ib.
2119 2141 2171 2175 4:
2204 2138 2403 2183 disciplina

1383 2201 1518 2236 tetrica
1542 2213 1586 2236 ac
1611 2200 1711 2235 tristi
1727 2203 1894 2235 veterum
1912 2199 2143 2238 Sabinorum,
2170 2207 2243 2241 quo
2268 2207 2403 2241 genere

1383 2259 1529 2294 nullum
1539 2258 1725 2303 quondam
1737 2257 1986 2302 incorruptius
1995 2256 2077 2291 fuit.
2105 2254 2234 2300 Symm.
2243 2254 2296 2288 III
2307 2253 2384 2294 44,1
2396 2267 2403 2289 ε

1383 2316 1496 2350 verba
1520 2315 1641 2360 prisca
1666 2343 1673 2350 .
1689 2342 1696 2350 .
1711 2343 1738 2357 .‚
1765 2314 1899 2359 quibus
1924 2313 2007 2348 salii
2032 2314 2182 2348 canunt.

1338 2373 1428 2408 Hor.
1453 2383 1503 2417 ep.
1530 2373 1565 2407 II
1580 2373 1682 2414 1‚86:
1708 2371 1850 2407 Saliare
1874 2371 2020 2405 Numae
2045 2380 2202 2404 carmen.

1382 2430 1423 2473 σί
1448 2430 1493 2465 z'b.
1519 2430 1565 2464 24
1584 2441 1634 2474 sq.
1661 2443 1668 2465 :
1701 2429 1850 2465 foedera
1882 2439 2012 2473 regum
2051 2455 2058 2463 .
2082 2455 2090 2463 .
2111 2456 2118 2461 .
2158 2438 2242 2462 cum
2274 2425 2405 2471 rigidis

1384 2488 1546 2531 aequata
1571 2486 1728 2522 Sabinis.

1342 2544 1439 2579 Plin.
1459 2544 1646 2586 V114‚10:
1672 2543 1748 2587 qui,
1774 2542 1850 2577 sive
1875 2541 2046 2577 iudicant
2069 2540 2145 2575 sive
2173 2541 2313 2582 errant,
2347 2550 2406 2574 me

1387 2602 1587 2636 delectant.
1636 2601 1759 2635 Unum
1784 2611 1924 2645 precor,
1950 2600 1992 2633 ut
2011 2597 2149 2643 posteri
2167 2608 2315 2642 quoque
2341 2598 2408 2632 aut

1387 2660 1510 2693 errent
1551 2657 1722 2693 similitor
1756 2658 1822 2692 aut
1859 2656 2036 2691 iudicent.
2101 2655 2226 2700 Symm.
2259 2655 2406 2699 1782:

1387 2715 1477 2749 mihi
1503 2714 1542 2748 in
1567 2715 1749 2750 alterutra
1774 2713 1990 2750 condicione
2022 2724 2139 2757 aeque
2164 2723 2326 2747 summus
2352 2711 2408 2745 est

1387 2773 1516 2813 honor,
1542 2772 1618 2807 sive
1642 2772 1697 2807 ita
1715 2771 1910 2817 magnifice
1935 2770 1980 2805 de
2005 2781 2063 2804 me
2079 2769 2232 2812 iudicas,
2257 2769 2300 2804 ut
2324 2779 2407 2813 gra-

1388 2829 1551 2864 tificatus
1576 2841 1652 2864 esse
1677 2828 1853 2871 videaris,
1887 2827 1964 2863 sive
1996 2827 2052 2862 ita
2077 2838 2114 2862 es
2138 2826 2211 2861 mei
2236 2825 2407 2871 diligens,

1388 2888 1433 2922 ut
1456 2897 1558 2922 secus
1584 2886 1749 2922 iudicare
1775 2897 1850 2921 non
1875 2884 2002 2931 possis

1350 3117 1447 3152 Ptin.
1473 3117 1598 3159 118‚3:
1624 3115 1812 3151 veteribus
1836 3112 1998 3159 negotiis
2023 3123 2119 3147 nova
2142 3112 2370 3147 adcrescunt.

1351 3230 1478 3265 From.
1508 3230 1609 3271 183:
1636 3230 1745 3264 finem
1781 3230 1825 3263 ut
1858 3227 1973 3263 amori
2006 3226 2149 3261 nullum
2184 3236 2304 3270 neque
2335 3236 2412 3260 mo-

1394 3287 1481 3321 dum
1507 3288 1660 3321 statuas.

1350 3344 1447 3378 sz.
1474 3344 1601 3385 1112,3
1626 3357 1633 3377 :
1667 3343 1705 3377 in
1736 3343 1805 3377 hac
1835 3340 2016 3375 altissima
2047 3338 2204 3384 specula.
2251 3337 2412 3379 11118‚3.

1392 3401 1434 3443 cf.
1461 3400 1592 3444 Paneq.
1621 3401 1676 3435 86.
1726 3399 1852 3444 Symm.
1879 3398 1982 3432 126:
2008 3396 2087 3432 viro
2112 3396 2151 3430 in
2177 3395 2325 3440 specula
2349 3395 2413 3430 ho-

1394 3467 1523 3491 norum
1550 3457 1682 3491 locato.

1348 3513 1474 3558 Symm.
1499 3513 1532 3546 V
1549 3514 1590 3548 13
1616 3526 1622 3547 ε
1656 3511 1876 3557 iampridem
1918 3510 2012 3545 nihil
2055 3509 2194 3545 scribis.
2254 3520 2413 3553 aequum

1395 3571 1492 3604 esset
1517 3569 1603 3604 huic
1621 3569 1751 3614 culpae
1769 3567 1948 3602 talionem
1966 3566 2107 3611 reponi.
2149 3566 2223 3601 165
2240 3579 2247 3600 z
2274 3565 2414 3603 talione

1395 3626 1547 3661 silentii.
1590 3626 1622 3660 V
1637 3626 1707 3661 92:
1733 3624 1873 3660 silentii
1899 3623 2050 3659 talione.
