2583 4011
1014 193 1450 236 xxsl—xxsffl.
2239 194 2319 234 293

133 333 230 361 esse
268 317 360 359 sine
399 316 500 358 filio.
567 316 730 370 absque
772 314 901 356 (lubio
934 313 1105 354 Arriani
1147 313 1404 353 salvatorem
1448 314 1639 350 nostrum
1686 324 1841 363 negare
1885 324 1964 350 non
2005 309 2183 354 1111110111.
2228 308 2317 351 scil.
2342 312 2386 348 lu
2428 313 2466 354 (l

134 389 234 429 dum
269 388 474 427 minorem
508 385 668 427 dieunt.
712 384 838 424 ‹leum
872 397 1066 424 asserere
1099 397 1183 423 non
1219 387 1408 436 possunt.
1471 380 1576 420 (leus
1610 380 1721 419 euim
1758 380 2008 419 naturaliter
2042 379 2319 434 plenitudinis

135 456 345 511 dignitate
378 454 571 495 subsistit
605 458 647 494 et
680 467 826 494 eorum
862 453 1060 507 impietas
1093 465 1223 491 unum
1259 465 1304 490 se
1339 449 1465 490 deum
1500 449 1640 488 colere
1675 449 1810 502 prima
1834 450 2101 488 confessione
2126 454 2321 488 testatur.

133 525 208 566 sed
242 525 313 580 qui
346 523 574 566 iuniorem,
617 536 694 576 per
726 536 822 562 eum
858 522 928 576 qui
961 525 1134 576 putatur
1165 521 1306 560 senior
1339 519 1445 559 duos
1480 518 1581 558 facit
1615 524 1655 557 ct
1690 517 1950 557 soliditatem
1987 518 2158 557 unitatis
2192 519 2320 558 intor-

81 605 95 626 5
134 598 266 635 secat.
330 605 426 633 nam
466 591 602 645 ipsum
645 605 797 630 nomen
833 590 1007 630 minoris
1040 589 1221 629 alterum
1256 588 1326 642 qui
1361 587 1431 627 illo
1467 587 1521 626 sit
1554 587 1686 626 maior
1718 586 1921 626 ostendit.
1982 587 2076 640 quis
2112 588 2182 626 illo
2215 588 2321 627 anti-
2347 589 2384 626 ll

72 948 102 971 10

70 1638 102 1661 20

135 663 257 717 quior
288 662 359 716 qui
392 660 444 701 (le
478 674 523 700 se
556 660 648 715 ipse
682 659 948 714 pronuntiat:
997 672 1095 710 ego
1135 671 1242 697 sum
1284 656 1438 712 alpha
1480 662 1530 695 et
1563 672 1616 698 ω,
1657 656 1851 710 primus
1893 661 1941 695 et
1983 656 2323 696 novissimus:

134 732 204 786 qui
236 745 261 771 a
296 730 463 771 ludaeis
497 729 565 783 qui
600 735 713 768 esset
747 729 1057 778 interrogatus,
1098 727 1153 767 ita
1189 725 1430 780 respondit:
1478 726 1596 780 prin
1613 725 1833 779 cipium,
1875 723 2007 778 quod
2052 730 2099 763 vt
2143 725 2328 778 loquor

138 800 312 842 vobis:
355 799 426 853 qui
470 796 658 838 veridica
699 811 775 851 per
819 796 1072 852 proplietam
1118 810 1219 835 vove
1265 796 1507 835 confirmat:
1557 800 1672 833 anto
1716 808 1789 833 me
1830 807 1924 833 non
1969 793 2069 833 suit
2113 793 2240 832 ‹lous
2281 799 2331 832 vt

136 872 257 924 post
296 881 371 908 me
414 880 516 907 non
556 866 690 906 erit?
754 866 788 905 si
822 870 944 920 pater
976 865 1055 904 1101·
1089 864 1210 915 divit,
1252 864 1494 904 inf‹·1·i01·‹·1n
1531 868 1627 917 post
1660 877 1706 902 sc
1740 876 1823 902 non
1856 862 2051 916 coepisse
2086 863 2326 902 confirmat:
2353 864 2397 901 12

139 938 174 978 si
206 937 338 987 filius,
382 941 480 976 ante
521 950 566 976 se
605 934 777 989 penitus
821 948 903 973 non
937 934 1070 973 fuisse
1104 933 1364 988 pronuntiat.
1428 931 1480 972 (11·
1514 931 1591 971 110(-
1626 931 1902 986 propheticus
1936 945 2074 970 sermo
2110 930 2332 970 evidenter

140 1006 348 1047 insinuat:
383 1005 465 1044 hic
498 1008 576 1043 est
609 1003 735 1043 deus
769 1008 951 1043 noster
985 1007 1032 1043 et
1064 1017 1158 1042 non
1195 1001 1523 1056 reputabitur
1557 1001 1692 1040 alius
1727 999 1787 1039 ad
1821 1014 1957 1044 eum,
2002 1006 2042 1039 ot
2078 1005 2174 1054 post
2204 999 2326 1038 lmov:

138 1076 284 1116 inter
332 1073 568 1114 homines
611 1073 756 1112 visus
805 1076 890 1112 est
937 1076 988 1112 et
1035 1086 1145 1112 cum
1194 1070 1500 1111 hominibus
1547 1074 1895 1110 conversatus
1938 1074 2030 1110 est.
2097 1067 2397 1107 soc-undumllss

140 1144 247 1185 haec
281 1157 385 1197 ergo
418 1143 529 1183 inter
561 1142 754 1195 genitum
789 1146 830 1181 et
863 1141 1099 1195 ingenitum
1134 1155 1211 1181 ne(-
1235 1139 1337 1180 ordo
1361 1145 1439 1182 cst,
1473 1140 1567 1193 quia
1593 1153 1701 1179 unus
1725 1144 1805 1181 est,
1840 1152 1915 1178 1101·
1941 1143 2110 1193 tompus
2137 1138 2328 1178 interest.

141 1214 239 1268 quia
270 1213 431 1268 primus
466 1216 549 1256 est,
589 1225 668 1252 nec
703 1210 1025 1266 postponendus
1059 1215 1143 1255 est,
1185 1210 1283 1264 quia
1318 1209 1433 1249 solus
1467 1214 1549 1251 est.
1594 1222 1671 1248 nec
1705 1209 1840 1248 minor
1871 1208 2077 1248 dicendus
2110 1213 2191 1250 cst,
2233 1207 2331 1260 quia

95 1303 100 1314 ι
140 1283 294 1338 plenus
338 1286 416 1322 est.
485 1294 588 1334 crgo
630 1280 744 1320 solus
787 1279 913 1323 deus,
958 1278 1175 1333 perfectus
1216 1278 1510 1332 simplicisque
1555 1283 1758 1320 naturae.
1802 1277 2131 1317 inaestimabilis
2171 1282 2213 1316 ct
2255 1277 2330 1316 im-

139 1350 378 1407 passibilis,
423 1349 504 1390 etsi
546 1362 642 1390 eum
688 1347 921 1388 secundum
963 1361 1134 1388 carnem
1176 1360 1348 1401 passum
1391 1360 1489 1385 esse
1523 1360 1598 1400 pro
1633 1345 1755 1386 nobis
1790 1346 1999 1386 veraciter
2031 1350 2071 1384 vt
2104 1345 2333 1385 salubriter

137 1419 400 1462 confitemur.
462 1423 560 1473 post
592 1417 698 1458 hacc
733 1416 931 1470 sequenti
964 1416 1054 1456 loco
1087 1415 1258 1470 quaeris
1292 1430 1316 1455 a
1348 1429 1436 1459 me,
1477 1414 1686 1469 quomodo
1720 1415 1839 1454 iuxta
1871 1414 2158 1454 substantiam
2191 1413 2258 1454 dei
2295 1414 2332 1453 in
2358 1415 2399 1453 ll

139 1488 326 1544 epistula
357 1486 539 1542 quadam
572 1487 775 1541 scriptum
821 1486 892 1526 sit:
942 1485 1075 1525 nihil
1123 1484 1290 1525 sensit
1334 1484 1596 1539 patientis
1639 1498 1815 1527 sensu.
1859 1483 1949 1524 scd
1991 1484 2161 1523 sensit
2203 1497 2333 1522 com-

140 1557 405 1614 patientis
445 1556 668 1596 affeetu.
732 1555 868 1610 primo
901 1553 998 1606 hoe,
1043 1553 1152 1608 quod
1195 1567 1273 1594 nec
1306 1553 1586 1608 philosophos
1619 1553 1763 1603 latuit,
1806 1553 1913 1593 sciro
1953 1552 2332 1608 promptissimum.
2356 1555 2402 1592 15

138 1628 182 1668 in
221 1626 391 1667 homine
435 1625 629 1665 diversae
673 1624 942 1671 affectiones.
990 1623 1032 1664 id
1069 1628 1135 1664 est
1171 1624 1353 1671 iustitia,
1394 1622 1708 1667 misericordia,
1750 1623 1977 1669 sanctitas,
2020 1621 2334 1666 benevolentia,

143 1697 304 1753 pietas,
346 1709 413 1735 res
452 1693 700 1735 accidentes
741 1697 839 1733 sunt
880 1696 923 1734 et
960 1692 1056 1733 ideo
1097 1692 1279 1733 affectus
1313 1696 1532 1741 vocantur,
1578 1692 1685 1733 deus
1718 1706 1818 1732 vero
1860 1692 1924 1732 his
1957 1705 2038 1732 non
2074 1690 2338 1747 passibiliter

142 1765 338 1815 afficitur,
371 1763 471 1818 quia
503 1762 543 1804 ei
573 1763 714 1803 inesse
746 1762 904 1816 iugiter
936 1766 979 1803 et
1010 1762 1264 1803 naturaliter
1287 1762 1581 1804 dinoscuntur.
1633 1775 1735 1815 ergo
1760 1760 1873 1815 quod
1896 1762 1937 1801 in
1960 1761 2130 1801 homine
2156 1760 2335 1800 affectus

143 1838 186 1875 et
217 1833 370 1889 gratia,
403 1833 446 1873 in
480 1831 561 1873 deo
596 1832 730 1872 virtus
763 1835 830 1872 est
862 1835 904 1872 et
936 1835 1101 1873 natura.
1155 1846 1252 1872 nam
1286 1830 1396 1886 quod
1421 1831 1583 1871 dictum
1609 1835 1692 1871 est:
1727 1830 1855 1870 nihil
1889 1830 2053 1870 sensit
2086 1829 2339 1884 patientis
2360 1830 2406 1867 10

141 1917 318 1950 sensu,
363 1900 451 1942 sed
497 1901 665 1941 sensit
708 1900 1100 1956 compatientis
1141 1900 1380 1945 affectu,
1427 1914 1501 1940 cur
1540 1900 1763 1954 quisquam
1808 1899 1878 1940 illo
1917 1913 2047 1940 sensu
2081 1898 2224 1938 dicere
2258 1912 2337 1938 non

71 1984 103 2008 2⁵
142 1975 409 2030 praesumat,
451 1970 564 2025 quod
597 1970 727 2011 etiam
760 1970 1056 2025 propheticum
1090 1973 1414 2010 commemorat:
1460 1969 1677 2016 domine,
1721 1982 1780 2009 ne
1824 1969 1869 2008 in
1913 1968 1990 2008 ira
2031 1971 2118 2008 tua
2149 1980 2340 2019 arguas

73 2329 106 2353 30

141 2057 215 2084 me
248 2054 419 2096 neque
453 2040 501 2080 in
532 2039 712 2080 furore
746 2043 830 2080 tuo
863 2039 1115 2094 corripias
1149 2053 1245 2087 me:
1289 2043 1350 2080 et:
1389 2039 1581 2079 iuravit
1620 2038 1857 2078 dominus
1890 2051 1985 2078 nec
2019 2036 2339 2092 paenitebit

143 2127 276 2159 eum;
316 2116 359 2152 et
389 2111 562 2151 iterum:
605 2109 770 2149 iratus
812 2113 895 2149 est
935 2108 1164 2149 dominus
1205 2108 1394 2164 populo
1428 2122 1518 2148 suo
1552 2112 1605 2148 et
1638 2106 1978 2147 abominatus
2011 2111 2087 2147 cst
2119 2104 2339 2146 heredi-

140 2185 318 2223 tatem
352 2182 526 2220 suam‘?
575 2183 618 2219 et
640 2178 742 2219 item
767 2177 938 2219 diverso
965 2178 1122 2218 affectu
1140 2177 1272 2218 Iacob
1296 2177 1504 2218 dilexisse
1529 2182 1572 2217 et
1594 2176 1710 2216 Esau
1733 2175 1826 2215 odio
1850 2176 2053 2217 habuisse
2077 2174 2342 2215 describitur.

143 2249 388 2292 contristari
420 2249 462 2289 in
495 2248 685 2304 peccatis
718 2247 875 2288 nostris
909 2251 952 2288 et
983 2247 1136 2287 laetari
1170 2246 1322 2287 dicitur
1353 2247 1395 2287 in
1429 2246 1631 2302 operibus
1665 2246 1753 2286 suis
1787 2250 1829 2286 et
1857 2245 2086 2285 affectibus
2111 2244 2338 2284 subiacens
2362 2244 2408 2283 17

143 2319 196 2361 de
229 2332 274 2360 se
307 2319 402 2374 ipse
436 2317 557 2358 dicit:
600 2316 845 2373 paenitet
886 2330 959 2356 me
1001 2315 1208 2357 fecisse
1250 2316 1545 2358 hominem:
1589 2320 1632 2356 et
1671 2314 1724 2355 dc
1769 2329 1936 2355 summa
1967 2314 2073 2355 caeli
2106 2313 2208 2354 sede
2242 2327 2339 2368 pro-

144 2389 333 2430 nuntiat:
380 2386 568 2438 Saule,
614 2385 802 2435 Saule,
846 2385 977 2440 quid
1016 2399 1092 2426 me
1134 2385 1506 2440 persequeris?
1567 2399 1667 2425 nam
1708 2389 1750 2424 et
1782 2383 2083 2439 compatientis
2116 2381 2410 2423 ostenderem

143 2457 314 2498 videtur
354 2456 578 2505 affectum,
626 2469 721 2496 cum
764 2454 884 2495 dicit:
933 2455 1137 2495 esurivi
1181 2459 1234 2495 et
1274 2453 1499 2494 dedistis
1541 2454 1670 2494 mihi
1714 2453 2041 2498 manducare,
2089 2452 2245 2492 sitivi
2291 2456 2343 2491 ct

147 2525 369 2568 dedistis
402 2525 526 2566 mihi
565 2523 767 2577 bibere,
810 2529 852 2565 et
884 2523 1052 2578 reliqua
1084 2523 1347 2574 huiusmodi,
1393 2537 1502 2578 quae
1535 2522 1768 2564 memoriae
1802 2521 2071 2563 abundanter
2103 2524 2340 2561 occurrunt.

145 2594 358 2651 quomodo
403 2608 527 2650 ergo,
571 2594 607 2634 si
650 2593 879 2649 quisquam
922 2593 1123 2634 sacerdos
1165 2593 1394 2649 multiplici
1438 2593 1684 2647 linguarum
1726 2592 1907 2633 scientia
1949 2591 2170 2647 praeditus
2217 2595 2258 2631 ct
2302 2591 2412 2630 inlo

93 2675 106 2697 ⁷·
145 2664 288 2706 medio
312 2663 578 2705 diversarum
602 2663 796 2718 gentium
820 2663 1096 2711 constitutus,
1128 2662 1382 2704 Hebraeum
1405 2661 1625 2709 Hebraeo,
1650 2661 1863 2703 Graecum
1889 2660 2070 2710 Gracco,
2103 2660 2343 2701 Romanum

148 2733 345 2775 Romano
379 2733 667 2774 instructurus
710 2732 917 2786 alloquio,
961 2731 1199 2773 secundum
1238 2731 1500 2787 singulorum
1543 2732 1811 2773 intellectum
1852 2731 1986 2772 verba
2029 2730 2264 2771 conformet
2303 2733 2345 2770 et

146 2803 269 2844 iuxta
305 2803 646 2857 uniuscuiusque
696 2815 867 2842 sensum
908 2802 992 2842 oris
1035 2802 1099 2842 sui
1144 2806 1316 2856 coaptet
1357 2801 1590 2855 alloquium
1636 2804 1679 2841 et
1720 2800 1912 2841 dissonas
1956 2801 2082 2841 unius
2124 2798 2261 2839 cordis
2303 2803 2345 2838 et

146 2871 384 2927 peccatoris
415 2872 600 2927 pectoris
622 2884 753 2911 voces
783 2871 825 2911 in
848 2870 987 2911 varios
1020 2869 1239 2924 dispenset
1272 2868 1458 2920 auditus,
1499 2869 1558 2909 ita
1591 2873 1633 2909 et
1661 2868 1767 2909 deus
1801 2883 1897 2909 cum
1918 2868 2087 2909 homine
2112 2867 2345 2917 locuturus,

145 2954 371 2982 assumere
413 2940 616 2996 dignatur
654 2940 837 2981 hominis
878 2939 1090 2994 linguam,
1147 2938 1327 2979 formam
1370 2938 1500 2978 etiam
1545 2942 1828 2993 suscepturus
1869 2937 2123 2987 humanam,
2166 2950 2244 2991 per
2283 2935 2346 2974 in-

77 3019 111 3043 40
148 3009 404 3067 tellectuum
445 3013 685 3050 nostrorum
729 3022 857 3049 sonos
899 3007 1214 3049 ordinationum
1255 3011 1501 3048 nostrarum
1541 3010 1808 3048 contestatur
1846 3007 2044 3049 affectus.
2105 3020 2203 3047 nam
2247 3004 2345 3045 dum
2363 3005 2414 3044 20

285 3182 306 3215 6
336 3181 449 3226 Apoc.
475 3181 507 3222 Ι,
533 3169 582 3222 8;'
610 3181 654 3215 Is.
681 3180 808 3221 XLIV,
834 3182 865 3215 G.
1006 3179 1024 3214 7
1056 3179 1183 3214 Ioann.
1202 3178 1304 3221 VIII,
1336 3180 1390 3213 25.
1531 3179 1552 3211 8
1588 3179 1630 3214 Is.
1658 3178 1792 3219 XLIII,
1819 3180 1870 3213 10.
2018 3179 2057 3212 11
2092 3177 2172 3211 Bar.
2199 3176 2267 3216 III,
2293 3176 2346 3209 36.

150 3238 193 3273 12
218 3238 299 3272 Bar.
322 3238 386 3279 III,
411 3239 464 3273 38.
583 3238 636 3273 18.
661 3239 715 3273 23.
742 3238 786 3273 ef.
802 3237 929 3272 Fausti
957 3248 1010 3281 ep.
1038 3237 1084 3271 ad
1110 3236 1300 3277 Graecum,
1327 3248 1438 3281 supra
1462 3249 1495 3281 p.
1513 3237 1592 3281 286,
1620 3237 1693 3271 1.3.
1809 3237 1853 3270 ‘25
1879 3236 1936 3271 ΡΞ.
1956 3236 2016 3276 VI,
2045 3237 2073 3270 1.
2109 3233 2291 3277 XXXVII,
2319 3234 2347 3267 1.

150 3296 195 3330 26
227 3295 283 3329 Ps.
315 3295 411 3337 CIX,
440 3296 473 3330 4.
613 3296 656 3331 27
693 3296 750 3330 Ps.
782 3295 854 3336 CV,
879 3295 934 3330 40.
1076 3295 1121 3328 28
1157 3294 1258 3328 Rom.
1289 3294 1356 3334 IX,
1384 3294 1436 3327 13.
1577 3295 1622 3329 30
1655 3296 1745 3329 Gen.
1774 3294 1838 3334 VI,
1865 3295 1895 3328 7.
2035 3294 2072 3327 31
2113 3293 2191 3326 Aet.
2224 3291 2291 3325 IX,
2316 3290 2347 3324 4.

154 3352 199 3386 32
223 3352 357 3387 Matth.
384 3353 497 3395 XXV,
522 3354 578 3388 35.

288 3445 309 3478 6
334 3447 392 3489 qui
422 3447 462 3479 de
493 3458 528 3479 se
559 3445 645 3490 ipse]
673 3443 741 3488 G2,
773 3447 855 3489 quid
872 3446 885 3489 Η
903 3457 976 3480 esse
1006 3447 1077 3489 ipse
1104 3442 1158 3477 G¹
1279 3443 1318 3487 ω]
1346 3457 1365 3477 o
1392 3442 1424 3476 G
1589 3444 1607 3477 ’ἶ
1634 3457 1654 3478 a
1678 3443 1821 3488 iudaeis]
1847 3443 2082 3486 Enqelhrecm,
2114 3446 2156 3475 esi
2182 3442 2289 3474 iudeis
2317 3438 2349 3473 (τ’

153 3514 226 3537 esse
246 3501 279 3536 G
433 3502 475 3536 17
501 3505 635 3546 quaeris
660 3522 703 3526 —-
728 3503 773 3537 22
797 3503 958 3547 afficitur]
985 3503 1096 3536 citarit
1121 3503 1169 3535 Ol.
1190 3502 1379 3535 Mamertus
1399 3502 1430 3543 I,
1456 3504 1477 3535 3
1504 3502 1570 3544 (erl.
1588 3502 1814 3545 Enyelbrecht
1830 3501 1940 3544 17-26)
2099 3498 2141 3532 18
2165 3499 2348 3542 pacientes,

151 3572 221 3593 ras.
247 3573 262 3594 s
290 3559 323 3593 G
452 3562 689 3604 eonpacientes
715 3559 749 3593 G
921 3560 967 3593 20
991 3559 1039 3603 in]
1066 3561 1146 3602 quia
1170 3560 1204 3592 in
1233 3560 1281 3592 Ol.
1302 3560 1490 3592 Blamertus
1616 3561 1803 3593 affectionis
1829 3558 1861 3591 G
2033 3557 2075 3590 21
2102 3557 2298 3589 accedentes
2318 3553 2350 3585 (γ’

152 3617 197 3651 22
221 3630 302 3662 ergo
319 3638 363 3641 -—
381 3617 425 3651 23
445 3624 479 3651 et
495 3617 630 3661 natura]
650 3619 762 3651 citavit
782 3619 830 3651 Ol.
849 3619 1040 3652 Allamertus·
1066 3619 1086 3650 l.
1109 3619 1130 3650 l.
1153 3617 1217 3659 (ecl.
1239 3617 1463 3659 Enyelhreclt!
1474 3630 1511 3660 p.
1525 3618 1579 3659 20
1698 3617 1743 3650 28
1767 3617 1960 3649 discribitur
1979 3614 2010 3646 (τ’
2126 3613 2170 3646 35
2187 3614 2349 3646 hebreum

154 3676 290 3718 hebreo,
307 3687 451 3719 gregum
463 3688 567 3719 grego
581 3674 614 3708 G
722 3675 766 3709 36
781 3676 977 3718 conformet]
993 3676 1131 3716 Htw-tel,
1149 3676 1324 3707 confirmet
1336 3673 1369 3706 (τ’
1478 3674 1520 3707 37
1537 3674 1702 3718 dissonas]
1718 3676 1854 3715 Ilm-tel,
1871 3674 2014 3706 dissonis
2028 3671 2059 3703 (ι’
2175 3670 2219 3703 38
2235 3681 2349 3713 pecca-

155 3734 236 3768 toris
249 3734 367 3766 delevit
381 3733 516 3773 Htw-tel,
534 3731 741 3777 peccatorisll
751 3735 894 3777 pectoris
911 3732 954 3775 G,
973 3735 1018 3777 cf.
1030 3734 1129 3776 infra
1140 3744 1178 3774 p.
1194 3734 1265 3773 299,
1283 3733 1304 3764 I.
1320 3735 1359 3764 16
1427 3733 1627 3776 loquuturus
1639 3730 1672 3765 G
1784 3730 1828 3764 39
1841 3731 1994 3763 homines
2006 3728 2038 3761 (τ’
2145 3727 2191 3761 40
2203 3739 2306 3761 sonus
2316 3725 2348 3761 G
