2583 4011
899 216 1034 250 [ABER
1065 216 1108 255 II,
1147 216 1228 250 XXI
1256 218 1275 259 ξ
1304 218 1319 249 1
1348 236 1389 240 -
1418 217 1537 252 XXIII
1566 220 1585 259 ς’
1611 219 1640 250 9.
2284 219 2357 257 331

1183 388 1350 430 XXIII.

412 488 649 530 DOMINO
683 489 1158 532 DEVINCTISSIMO
1193 492 1554 540 SEMPERQUE
1589 492 1924 533 MAGNleo
1958 493 2116 534 vieno

938 559 1225 601 RURICIUS
1260 560 1600 603 EPISCOPUS.

303 637 528 698 Rusca-is
569 656 725 697 litteris
769 657 943 712 pictatis
984 662 1179 701 vestrae.
1228 659 1392 713 gratias
1435 659 1516 700 deo
1557 660 1647 713 egi,
1697 659 1808 714 quod
1848 674 1924 699 vos
1967 661 2084 715 prins
2130 662 2365 702 revaluisse·

109 737 122 759 1·
161 740 289 782 quam
331 726 570 767 infirmatos
612 740 711 765 esse
753 741 899 767 earum
944 727 1155 767 relatione
1197 728 1388 779 cognovi.
1451 727 1565 783 quod
1600 728 1720 768 vobis
1761 733 1847 768 tam
1891 730 2141 783 frequenter
2173 730 2367 770 accidi-rs·

91 1082 121 1105 lu

163 795 349 852 propitio
382 795 526 850 potius
571 793 651 835 deo
691 808 819 848 quam
860 796 1025 836 offenso
1065 796 1253 844 confido,
1299 797 1399 852 quia
1437 812 1584 852 quem
1626 797 1814 849 diligit
1855 797 2093 838 dominus
2134 800 2365 854 corripit.

159 865 389 919 castigat
421 868 590 904 autem
625 877 825 904 omnem
860 864 1031 905 filium
1067 879 1223 921 quem
1258 867 1462 922 recipit.
1521 867 1562 907 in
1596 866 1785 907 divinam
1820 867 1965 921 itaque
1991 881 2063 906 vos
2097 866 2365 922 disciplinam

161 937 388 988 susceptos
437 932 590 974 sedula
635 932 873 974 admonitio
920 939 962 974 et
1012 935 1126 975 mitis
1176 935 1386 987 ostendit,
1434 936 1530 990 quia
1581 941 1764 991 paterna
1811 935 2041 977 clementia
2089 936 2250 976 mavult
2294 952 2370 991 per

158 1002 411 1043 multimoda
446 1002 717 1043 incommoda
749 1004 1057 1058 neglegentem
1098 1005 1313 1057 corrigere
1355 1004 1486 1045 filium
1527 1019 1652 1060 quam
1697 1005 1849 1060 punire
1891 1010 2162 1060 peccantem,
2206 1006 2366 1045 mavult

158 1076 383 1113 nutantem
430 1087 480 1112 ae
527 1071 704 1112 dubium
739 1072 792 1112 ad
826 1073 1047 1113 servitium
1093 1088 1215 1114 suum
1267 1074 1448 1115 habenis
1492 1075 1590 1130 piae
1630 1075 1937 1115 moderationis
1978 1074 2196 1115 attrahere
2239 1089 2364 1129 quam

160 1141 452 1183 errabundum
486 1146 529 1182 ct
561 1156 638 1197 per
671 1142 833 1182 sacculi
866 1143 1122 1198 praecipitia
1155 1143 1398 1198 lapsantem
1438 1144 1604 1185 acriore
1639 1144 1821 1185 verbere
1861 1145 2107 1186 cohercere.
2171 1144 2262 1199 ipsc
2304 1149 2368 1184 cst

157 1211 271 1252 enirn
314 1211 718 1265 indulgentissimus
758 1211 1091 1266 paterfamilias,
1133 1213 1204 1266 qui
1245 1213 1431 1253 animam
1474 1227 1595 1253 suam
1639 1213 1760 1269 ponit
1801 1228 1876 1268 pro
1919 1214 2072 1254 ovibus
2106 1215 2210 1255 suis.
2274 1214 2366 1269 ipsc

157 1284 221 1321 est
266 1280 405 1321 bonus
455 1283 620 1336 pastor,
671 1281 742 1335 qui
790 1294 915 1321 ovem
959 1280 1171 1336 perditam
1212 1281 1266 1322 ad
1305 1283 1452 1322 caulas
1495 1282 1731 1323 dominicas
1778 1283 1943 1323 mavult
1985 1283 2166 1338 propriis
2209 1284 2367 1323 umeris

158 1354 379 1404 reportare
413 1349 624 1390 sollicitus
658 1363 786 1404 quam
822 1350 1007 1390 stimulis
1041 1350 1299 1405 urgentibus
1334 1365 1540 1392 revocare
1575 1351 1822 1393 destrictus.
1886 1353 1976 1408 ipsc
2011 1358 2076 1392 cst
2109 1358 2232 1407 pater
2256 1353 2365 1407 pius,

105 1428 117 1451 ἰ
155 1419 226 1473 qui
249 1418 361 1459 male
393 1418 574 1474 prodigo
606 1418 694 1459 filio
729 1422 770 1459 et
803 1424 1065 1474 praeceptae
1101 1419 1371 1460 substantiae
1405 1420 1621 1461 decoctori
1656 1421 1708 1461 ad
1743 1436 1787 1461 sc
1822 1422 1887 1461 vel
1923 1436 2018 1461 sero
2052 1421 2248 1462 redeunti
2283 1437 2365 1462 non

155 1488 293 1528 solum
325 1488 503 1528 crimina
536 1488 755 1528 anteriora
787 1502 871 1527 non
906 1487 1109 1543 imputat,
1152 1503 1301 1529 verum
1335 1489 1464 1530 ctiam
1509 1491 1703 1545 praemia
1746 1491 1905 1531 amissa
1945 1491 2223 1546 multiplicat,
2267 1491 2365 1531 dum

153 1557 265 1598 ulnis
297 1557 426 1609 fovet,
461 1558 619 1598 osculis
651 1558 904 1612 permulcet,
937 1558 1188 1599 muneribus
1223 1558 1344 1604 ditat,
1378 1558 1573 1600 doctrina
1606 1560 1841 1609 confirmat,
1876 1574 1957 1600 non
1992 1565 2158 1600 tantum
2193 1560 2246 1601 ad
2273 1561 2364 1600 cius

153 1626 400 1681 indignatus
453 1627 729 1679 abscessum,
785 1631 992 1682 quantum
1047 1627 1234 1668 laetatus
1288 1627 1342 1668 ad
1395 1628 1594 1669 reditum.
1672 1630 1765 1685 ipse
1814 1630 1926 1670 enim
1977 1629 2165 1669 omnium
2214 1629 2365 1670 horum
2413 1658 2419 1667 .

154 1697 376 1737 nominum
409 1697 451 1737 in
485 1710 531 1737 se
566 1697 748 1738 effectus
781 1697 1050 1752 affectusque
1075 1697 1279 1752 suscepit,
1312 1702 1371 1749 ut,
1404 1698 1516 1739 sicut
1546 1698 1648 1739 dicit
1671 1698 1908 1754 apostolus,
1940 1698 2172 1739 multifarie
2198 1699 2365 1739 multis-

151 1779 234 1820 que
264 1765 402 1806 modis
435 1780 511 1806 nos
545 1765 737 1807 erudiret
769 1765 931 1817 verbis,
966 1767 1199 1808 instrueret
1232 1766 1496 1823 disciplinis,
1539 1773 1795 1823 provocaret
1827 1768 2071 1816 beneficiis,
2115 1768 2367 1809 informaret

153 1835 385 1890 exemplis,
433 1835 737 1877 reconciliaret
782 1850 935 1891 prece,
992 1835 1225 1878 redimeret
1271 1837 1496 1892 passione,
1546 1838 1782 1879 vivificaret
1827 1842 1984 1889 morte,
2042 1838 2364 1879 immortalitate

150 1903 353 1954 donaret,
395 1904 651 1946 iustificaret
693 1905 1030 1957 resurrectione,
1064 1906 1321 1947 ascensione
1354 1910 1552 1962 portaret
1585 1913 1629 1948 et
1662 1907 1964 1949 reconciliatos
1997 1921 2075 1963 per
2108 1908 2362 1962 sanguinem

151 1987 277 2015 suum
308 1973 351 2014 in
384 1987 480 2014 eam
511 1988 537 2015 a
568 1988 652 2029 qua
685 1973 988 2016 excideramus
1021 1975 1158 2030 patris
1202 1976 1384 2031 gratiam
1426 1976 1695 2019 reformaret.
1758 1977 1871 2032 ipsc
1916 1977 2056 2018 enim
2100 1982 2181 2018 cst
2223 1977 2362 2032 apud

150 2047 367 2099 patrem
408 2043 717 2098 propitiatio
759 2047 954 2095 nostra,
997 2044 1090 2086 sine
1130 2045 1372 2086 cessatione
1406 2060 1647 2101 suggerens
1680 2046 1833 2102 pietati
1867 2060 1993 2088 suae:
2041 2056 2220 2102 pater,
2261 2061 2363 2087 non

78 2122 111 2147 25
149 2113 312 2154 solum
352 2126 440 2167 pro
482 2112 570 2153 his
616 2126 759 2168 rogo,
811 2113 899 2155 sed
944 2128 1034 2169 pro
1082 2114 1164 2155 his
1213 2115 1299 2169 qui
1343 2115 1594 2157 credituri
1638 2120 1759 2158 sunt
1802 2117 1853 2157 in
1895 2130 1971 2157 me
2014 2130 2104 2171 per
2146 2116 2361 2156 verbum

77 2468 110 2492 30

148 2182 381 2224 illorum.
432 2186 598 2237 pater,
632 2183 765 2235 volo,
798 2186 874 2234 ut,
906 2183 991 2224 ubi
1023 2197 1114 2238 ego
1147 2197 1272 2237 sum,
1305 2189 1357 2225 et
1388 2184 1487 2240 ipsi
1520 2185 1625 2226 sint
1655 2200 1861 2228 mecum.
1923 2189 2089 2241 pater,
2130 2185 2362 2240 ignosce

149 2251 289 2303 illis,
335 2251 581 2293 nesciunt
629 2252 770 2293 enim
817 2252 946 2308 quid
994 2253 1230 2294 faciunt.
1303 2254 1396 2309 ipse
1442 2254 1563 2295 nobis
1611 2254 1767 2296 cotidie
1815 2269 1893 2311 per
1940 2255 2183 2310 apostolum
2232 2269 2357 2295 suum

148 2321 324 2362 clamat:
368 2320 536 2362 nolite
574 2321 808 2376 diligere
847 2321 1092 2363 mundum
1131 2336 1301 2377 neque
1344 2337 1402 2364 ea
1443 2337 1570 2379 quae
1609 2324 1661 2364 in
1704 2323 1888 2364 mundo
1922 2328 2065 2367 sunt:
2107 2324 2190 2379 qui
2224 2324 2360 2364 enim

147 2390 337 2445 diligit
375 2390 634 2443 mundum,
678 2405 779 2432 non
822 2395 906 2432 est
946 2392 1142 2433 caritas
1181 2392 1347 2448 patris
1380 2393 1431 2433 in
1465 2406 1542 2435 eo:
1588 2392 1716 2448 quia
1749 2407 1896 2434 omne
1930 2392 2059 2448 quod
2093 2393 2141 2433 in
2175 2392 2362 2433 mundo

148 2463 229 2500 est
269 2459 713 2515 concupiscentia
753 2461 940 2502 carnis
981 2466 1035 2503 et
1065 2463 1517 2518 concupiscentia
1548 2464 1812 2505 oculorum
1846 2467 1899 2505 et
1932 2463 2188 2518 superbia
2220 2464 2359 2504 vitae

146 2528 427 2581 humanae,
470 2542 597 2584 quae
636 2544 734 2571 non
774 2534 853 2571 est
893 2529 956 2571 de
995 2535 1172 2586 patre,
1217 2532 1307 2574 sed
1347 2532 1408 2574 de
1442 2533 1639 2575 mundo
1673 2538 1767 2575 est.
1829 2537 1878 2574 ct
1910 2532 2129 2573 mundus
2162 2533 2362 2573 transit

149 2602 201 2639 et
247 2598 695 2653 concupiscentia
746 2598 893 2648 eius;
944 2600 1027 2654 qui
1079 2604 1248 2643 autem
1303 2602 1496 2644 fecerit
1539 2604 1877 2644 voluntatem
1927 2602 2036 2654 dei,
2089 2607 2265 2643 manet
2311 2602 2360 2642 in

146 2672 445 2716 aeternum,
490 2669 603 2710 sicut
642 2673 684 2710 et
721 2668 828 2710 deus
867 2676 1016 2712 manet
1055 2671 1098 2712 in
1145 2676 1386 2713 aeternum.
1449 2673 1543 2729 ipse
1583 2673 1626 2714 in
1665 2672 1890 2727 evangelio
1929 2671 2149 2713 blanditiis
2193 2671 2359 2719 invitat,

145 2738 396 2778 muneribus
440 2742 667 2793 provocat,
715 2738 1018 2781 adhortatione
1062 2740 1287 2792 sollicitat,
1331 2740 1499 2783 dicens:
1547 2742 1738 2783 venite
1786 2740 1846 2782 ad
1894 2755 1992 2793 me,
2040 2755 2223 2781 omnes
2271 2741 2360 2795 qui

94 2817 108 2839 5
145 2807 400 2849 laboratis
430 2812 482 2849 et
510 2809 729 2849 onerati
756 2810 896 2850 estis
927 2814 970 2850 et
991 2810 1174 2865 reliqua,
1197 2814 1245 2851 ut
1267 2811 1390 2866 quasi
1411 2811 1560 2866 iugum
1583 2836 1673 2851 *Η*
1697 2810 1961 2852 salutaribus
1986 2809 2224 2851 subdentes
2249 2809 2359 2849 colla

147 2876 394 2933 praeceptis
419 2877 598 2918 salutari
623 2891 699 2919 suo
724 2879 865 2919 currui
890 2879 1188 2934 subiugcmus.
1242 2884 1286 2921 et
1317 2880 1413 2921 ideo
1437 2880 1728 2922 deliberemus
1753 2883 2030 2921 revocantem
2055 2879 2189 2934 sequi,
2213 2878 2360 2919 audire

148 2946 427 2999 clamantem,
469 2945 767 2988 blandientem
809 2947 937 2989 modo
987 2962 1073 2989 non
1117 2963 1344 3004 spernere,
1385 2963 1439 2991 ne
1479 2950 1720 2991 sentiamus
1760 2948 2036 3005 postmodum
2078 2947 2357 2989 iudicantem.

147 3027 230 3069 quo
269 3014 449 3067 iudicio,
508 3016 621 3056 sicut
663 3015 755 3071 ipse
797 3016 839 3057 in
881 3017 1108 3072 evangelio
1151 3031 1438 3073 praemonere
1491 3023 1534 3061 et
1574 3019 1730 3061 docere
1776 3018 1978 3074 dignatus
2024 3022 2107 3069 est,
2157 3031 2267 3057 cum
2308 3017 2357 3057 in

285 3152 307 3187 6
333 3152 439 3188 Prov.
464 3153 529 3195 ΙΙΙ,
556 3154 609 3188 12.
681 3140 686 3146 .
728 3154 747 3188 7
773 3153 882 3188 Hebr.
909 3154 990 3195 XII,
1016 3155 1046 3189 G.
1167 3155 1209 3189 13
1236 3155 1320 3190 Luc.
1348 3156 1426 3197 XV,
1453 3157 1485 3191 5.
1606 3156 1646 3190 17
1674 3155 1760 3191 Luc.
1787 3156 1865 3197 XV,
1891 3156 1945 3191 20.
2066 3156 2107 3189 19
2134 3155 2242 3189 H‹·br.
2270 3155 2296 3190 Ι,
2323 3156 2353 3188 1.

147 3208 191 3242 23
215 3209 243 3243 Ι.
261 3209 387 3244 Ioann.
415 3210 461 3251 II,
487 3211 518 3246 2.
636 3211 680 3245 24
706 3210 834 3247 Ioann.
860 3211 976 3253 XVII,
1002 3212 1057 3246 20.
1176 3214 1220 3247 26
1246 3213 1373 3248 Ioann.
1399 3214 1514 3255 XVII,
1540 3215 1596 3249 24.
1668 3213 1753 3248 Luc.
1781 3214 1914 3255 XXIII,
1940 3214 1995 3248 34.
2113 3213 2158 3247 28
2182 3213 2208 3247 I.
2229 3213 2354 3246 Ioann.

153 3266 198 3308 II,
226 3268 371 3302 15—-17,
488 3268 535 3302 34
558 3268 692 3303 Matth.
718 3268 780 3310 XI,
806 3269 861 3304 28.
979 3270 1024 3303 38
1048 3270 1183 3304 Matth.
1210 3270 1306 3312 XIX,
1331 3272 1386 3306 28.

282 3358 304 3392 2
328 3361 557 3395 deuictissimo
574 3360 607 3394 G
733 3360 756 3394 4
779 3363 907 3396 relictis
927 3361 971 3403 G,
995 3363 1072 3396 item
1097 3364 1195 3407 infra
1215 3364 1270 3405 H,
1285 3366 1328 3397 32
1456 3364 1478 3397 ἴ)
1502 3365 1661 3398 accedere
1681 3363 1714 3397 G
1839 3364 1858 3397 ’ἲ
1884 3365 2009 3408 recepit
2030 3362 2063 3396 G
2140 3364 2289 3396 dIuinam
2309 3382 2352 3386 —-

150 3417 377 3461 disciplinam]
404 3419 616 3462 I'Aitjoltawm,
646 3421 766 3454 diuina
788 3439 834 3443 ——
859 3421 1039 3464 disciplina
1067 3418 1100 3454 G
1255 3420 1277 3454 8
1302 3420 1446 3465 mauult]
1473 3434 1529 3456 ma
1553 3435 1578 3456 3.
1606 3424 1627 3456 l.
1656 3421 1710 3455 G¹
1866 3422 1910 3455 10
1939 3423 2067 3454 habens
2096 3419 2128 3453 G
2237 3419 2353 3463 quam]

143 3486 243 3507 versu
276 3481 414 3508 eoeezmte
448 3488 512 3510 om.
539 3477 586 3518 G,
617 3479 729 3520 suppl.
756 3478 917 3521 Basnaye
1082 3478 1125 3512 14
1156 3478 1348 3523 destrictus]
1376 3481 1593 3523 Lr't‘tjolzann,
1624 3481 1794 3514 districtos
1821 3478 1854 3512 G
2018 3479 2060 3511 15
2086 3479 2172 3511 male
2197 3477 2352 3521 prodigo]

146 3532 314 3574 canisius,
333 3533 420 3566 male
444 3545 504 3576 pro
524 3531 591 3575 G¹‚
615 3535 705 3567 malo
728 3533 785 3567 G²
864 3534 1075 3580 praeceptae]
1098 3535 1166 3578 G¹,
1190 3543 1369 3581 perceptae
1388 3536 1422 3570 G
1431 3540 1455 3580 ²,
1486 3540 1529 3582 cf.
1549 3551 1656 3582 supra
1674 3551 1713 3582 p.
1733 3541 1813 3579 300,
1838 3539 1858 3570 I.
1880 3539 1924 3569 38
2050 3535 2092 3568 1ss
2118 3547 2300 3568 ueruerum
2321 3534 2353 3567 G

142 3588 187 3622 23
211 3591 454 3623 exeederamus
482 3589 516 3623 G
661 3591 706 3625 34
737 3594 933 3626 adoratione
961 3592 1029 3635 G¹‚
1052 3595 1262 3627 adortatione
1289 3593 1345 3627 G²
1492 3596 1538 3629 35
1561 3597 1715 3629 honerati
1745 3596 1773 3628 G
1852 3595 2013 3637 suppleas
2038 3593 2135 3625 nobis
2160 3604 2243 3625 suae
2268 3594 2349 3625 leni-

144 3648 224 3680 tatis
249 3649 410 3692 impmmt,
438 3653 478 3680 ut
502 3660 542 3681 ex
566 3649 712 3691 epistula
739 3650 793 3691 ΙΙ,
809 3653 851 3683 32
991 3650 1035 3684 36
1061 3653 1159 3684 curui
1188 3650 1240 3694 G,
1266 3664 1368 3686 eausa
1393 3655 1593 3687 humilitatis
1619 3660 1652 3687 et
1676 3654 1829 3686 miseriae
1855 3664 1871 3683 e
1894 3652 2030 3693 ‘reqione
2054 3651 2154 3682 leuius
2177 3662 2293 3682 versus
2317 3651 2351 3682 in

142 3716 207 3747 ‘¹²29-
233 3705 315 3737 add.
344 3703 422 3738 G²:
455 3707 499 3749 cf.
525 3706 624 3749 infra
642 3718 680 3749 p.
698 3709 775 3749 335,
800 3708 822 3740 l.
841 3710 882 3741 25
980 3708 1222 3752 subiugemus]
1251 3710 1452 3753 Ellom‘msen,
1484 3713 1733 3755 subiungemus
1761 3709 1830 3751 G¹‚
1855 3710 2095 3751 subiungimus
2123 3706 2178 3739 G²
2279 3709 2353 3741 ideo

150 3762 393 3806 deliberemus]
420 3764 620 3805 Mommsen,
645 3765 718 3797 ideo
744 3764 802 3807 (au
827 3777 852 3799 8.
879 3767 901 3798 l.
930 3765 999 3809 G2)
1017 3768 1172 3800 deremns
1200 3766 1232 3799 G

2011 3845 2083 3878 42*

2439 492 2479 535 (ι’

2413 871 2436 898 ⁶)

2415 900 2436 908 ..a

2409 1981 2433 2016 (ὃ
