2583 4011
983 198 1103 232 XXIII
1136 210 1166 232 v.
1193 198 1261 232 3:33
1286 218 1327 223 —
1358 209 1388 233 r.
1414 198 1491 231 423.
2263 200 2345 238 259

691 315 737 356 fit
770 329 899 357 cursu
932 314 1051 356 calor
1083 318 1127 355 ct
1160 314 1316 355 timore
1349 313 1498 367 frigus.

698 385 784 425 itur
816 385 876 425 sic
912 384 1063 428 semel,
1100 384 1185 425 itur
1218 387 1260 423 et
1293 381 1501 433 secundo,

602 463 650 485 ³⁴¹·
696 459 761 495 est
801 455 862 495 sie
903 455 1057 496 tertius
1097 458 1227 508 atquc
1269 457 1447 508 quartus
1489 450 1627 493 orbis:

695 525 841 578 quinto
883 524 1030 565 circite
1071 537 1155 564 non
1198 522 1347 563 valens
1389 525 1647 575 sequentum

697 593 865 649 pondus
899 594 1012 635 ferre
1046 593 1163 649 prior
1196 595 1417 647 retorquet
1450 604 1592 635 axem,

696 662 810 718 quod
844 662 1066 704 velocibus
1100 663 1320 718 imperans
1354 660 1575 716 quadrigis

696 732 934 774 exhaustos
968 733 1049 774 sibi
1083 736 1277 774 senserat
1310 731 1497 785 iugales:

600 810 648 833 ³²⁴·
693 802 776 842 iam
813 807 938 843 sexto
973 802 1115 843 reditu
1148 801 1447 857 perexplicato

694 871 865 926 iamque
899 876 942 913 et
976 871 1169 927 praemia
1202 870 1426 925 flagitante
1462 868 1591 921 vulgo

695 955 793 996 pars
828 941 1043 983 contraria
1075 941 1134 981 nil
1167 940 1327 981 timens
1361 944 1478 980 tuam
1514 938 1596 978 vim

695 1024 871 1052 securas
904 1010 1021 1066 prior
1053 1010 1217 1051 orbitas
1251 1009 1434 1050 terebat.

694 1080 829 1121 tensis
863 1094 960 1121 cum
994 1079 1137 1121 subito
1172 1080 1268 1120 sinu
1302 1078 1475 1134 lupatis.

600 1158 650 1181 ³¹³⁴·
694 1150 831 1191 tensis
863 1149 1128 1204 pectoribus„
1164 1148 1274 1204 pede
1309 1154 1409 1189 ante
1444 1148 1546 1190 fixo.

696 1222 904 1274 quantum
938 1219 1089 1274 auriga
1123 1232 1223 1259 suos
1259 1217 1427 1259 solebat
1460 1217 1531 1257 ille

695 1293 870 1345 raptans
904 1288 1175 1330 Oenomaum
1209 1291 1423 1329 tremente
1456 1286 1572 1335 Pisa,

694 1362 862 1399 tantum
895 1362 941 1399 tu
974 1357 1146 1412 rapidos
1180 1357 1285 1398 teris
1321 1356 1505 1411 iugales.

696 1427 763 1469 hic
797 1426 1056 1483 compendia
1087 1427 1287 1468 flexuosa
1319 1432 1461 1467 metae

603 1506 651 1528 ³²2³*
695 1510 806 1537 unus
839 1496 940 1537 dum
972 1496 1142 1552 premit,
1175 1496 1380 1537 incitatus
1414 1510 1439 1536 a
1471 1499 1513 1535 10

695 1565 833 1607 elatas
868 1566 1004 1608 semel
1038 1566 1204 1622 impetu
1237 1565 1471 1621 quadrigas

694 1636 841 1677 iuncto
875 1649 960 1677 non
993 1636 1129 1677 valuit
1162 1635 1324 1691 plicare
1357 1648 1479 1690 gyro,

693 1719 822 1761 quem
860 1710 919 1757 tu,
961 1704 1076 1760 quod
1116 1705 1208 1746 sinc
1247 1705 1345 1760 lege
1386 1704 1660 1760 praeterireh

694 1775 891 1816 transisti
923 1789 1169 1822 remanens,
1203 1774 1257 1816 ab
1292 1778 1385 1816 arte
1419 1778 1605 1816 restans.

600 1855 650 1878 ⁴1¹⁰
693 1845 804 1886 alter
836 1844 936 1886 dum
969 1845 1263 1901 popularitate
1297 1844 1473 1899 gaudet,

693 1914 850 1956 dexter
882 1914 961 1956 sub
995 1915 1145 1956 cuneis
1178 1914 1305 1955 nimis
1338 1914 1541 1957 cucurrit.

694 1984 821 2035 1111110,
855 1982 956 2025 dum
989 1983 1184 2039 obliquat
1215 1984 1298 2025 iter
1330 1983 1488 2039 diuque
1521 1983 1666 2024 lentus

695 2067 793 2095 sero
827 2052 1082 2108 cornipedes
1117 2053 1220 2094 citat
1252 2052 1442 2108 flagello,

693 2127 854 2164 tortum
887 2123 1060 2165 tramite
1096 2123 1255 2164 transis
1288 2123 1384 2178 ipse
1418 2128 1551 2165 recto,

598 2204 648 2227 ⁴¹¹5·
693 2193 761 2234 hic
794 2198 836 2234 tc
869 2192 1084 2234 incautius
1117 2197 1344 2234 assecutus
1378 2192 1515 2234 hostis

694 2276 875 2319 sperans
909 2262 1175 2318 anticipasse
1209 2262 1293 2303 iam
1327 2262 1516 2317 priorem

694 2337 992 2374 transversum
1026 2332 1146 2373 venit
1179 2331 1409 2387 impudens
1443 2332 1485 2372 in
1518 2345 1669 2377 axem:

694 2402 978 2444 incurvantur
1010 2401 1124 2457 equi,
1159 2406 1365 2457 proterva
1398 2415 1568 2443 crurum

694 2472 825 2513 intrat
856 2471 985 2513 turba
1016 2476 1134 2513 rotas
1166 2475 1405 2526 quaterque
1437 2470 1551 2512 terni

601 2551 652 2575 ⁴¹⁰
695 2545 893 2583 artantur
924 2541 1048 2594 radii,
1083 2541 1252 2598 repleta
1284 2541 1421 2583 donec

693 2611 922 2653 intervalla
954 2615 1134 2668 crepent
1166 2610 1461 2666 volubilisque

693 2681 866 2737 frangat
897 2694 1048 2736 margo
1081 2679 1240 2736 pedes:
1273 2680 1332 2721 ibi
1364 2680 1458 2735 ipse
1492 2679 1668 2734 quintus

695 2764 823 2792 curru
856 2750 1169 2806 praecipitatus
1203 2749 1414 2791 obruente

693 2824 886 2862 montem
917 2819 1148 2875 multiplici
1179 2819 1286 2861 facit
1318 2819 1455 2871 ruina‚

601 2898 649 2922 ⁴1⁵
694 2894 876 2945 turpans
908 2887 1163 2944 prociduam
1198 2901 1350 2930 cruore
1382 2888 1581 2929 frontem.

694 2959 851 3000 miscet
883 2963 1038 2999 cuncta
1069 2958 1218 3013 fragor
1249 2958 1546 3002 resuscitatus,

696 3032 903 3084 quantum
935 3041 1020 3069 non
1054 3027 1335 3083 cyparissifer
1367 3027 1581 3082 Lycaeus

696 3102 902 3153 quantum
937 3111 1020 3138 non
1054 3110 1285 3139 nemorosa
1317 3096 1431 3138 tollit
1463 3095 1571 3137 Ossa

697 3167 871 3209 crebras
905 3166 1149 3222 inrequieta
1180 3180 1259 3221 per
1291 3165 1522 3221 procellas,

602 3245 653 3270 ⁴20
697 3241 905 3293 quantum
938 3250 1019 3278 nec
1052 3235 1234 3278 reboant
1266 3235 1441 3276 volutae
1475 3234 1528 3276 ab
1563 3237 1709 3275 austro

696 3307 827 3349 Doris
859 3306 1081 3348 Trinacris
1115 3309 1201 3355 aut2
1235 3305 1496 3360 voraginoso

694 3391 804 3433 quae
842 3377 977 3418 vallat
1015 3376 1106 3417 sale
1144 3375 1434 3431 Bosphorum,
1476 3373 1723 3429 Propontis.

695 3446 765 3487 hic
796 3459 899 3487 mox
930 3444 1146 3500 praecipit
1178 3457 1344 3498 aequus
1378 3443 1613 3498 imperator

275 3585 341 3619 381
368 3591 554 3628 equentum
572 3584 609 3617 F
744 3583 812 3617 382
837 3588 1028 3625 rertorquet
1047 3583 1078 3615 P
1216 3580 1283 3614 385
1308 3583 1377 3614 fere
1403 3581 1572 3623 explicato
1598 3581 1667 3613 Leo
1810 3577 1876 3612 387
1902 3590 1961 3622 pas
1981 3578 2012 3610 P
2102 3580 2170 3612 vim
2197 3585 2289 3612 tuam
2308 3579 2349 3619 J‘,

136 3649 299 3686 tuamque
324 3644 393 3675 vim
425 3642 471 3674 Τ1
638 3641 705 3675 389
730 3643 809 3674 sinu
833 3642 944 3684 rulqo,
977 3641 1091 3673 sinum
1117 3640 1216 3672 codd.
1382 3637 1450 3671 390
1475 3650 1539 3672 om.
1566 3639 1597 3670 T
1755 3636 1822 3670 394
1847 3638 2001 3669 fluxuosa
2032 3636 2093 3676 (2¹³,
2125 3638 2292 3669 fluctuosa
2319 3637 2356 3668 F

136 3699 205 3735 395
229 3712 306 3734 cum
333 3700 370 3733 F
511 3699 578 3733 396
603 3700 695 3733 elata
721 3698 753 3731 P
895 3695 962 3730 397
989 3698 1123 3741 placare
1149 3696 1185 3729 F
1333 3693 1397 3727 401
1426 3697 1560 3729 eucurit
1585 3696 1618 3728 P
1754 3694 1822 3728 40⁶2
1846 3695 1975 3737 obligat
1999 3693 2032 3726 P
2167 3693 2235 3726 4013
2263 3695 2349 3727 anti-

137 3759 250 3803 cipase
263 3759 296 3791 P
409 3756 477 3790 409
494 3758 575 3790 rotis
592 3757 620 3790 C
732 3755 800 3789 415
816 3757 960 3789 turbans
976 3755 1044 3786 ΡΤ
1153 3753 1222 3786 418
1244 3764 1301 3785 osa
1316 3753 1349 3785 P
1463 3752 1528 3785 421
1555 3754 1695 3787 tinacris
1711 3752 1812 3785 PTF
1923 3750 1992 3784 423
2009 3763 2080 3783 mos
2097 3751 2150 3783 Pa
2223 3763 2304 3785 cens
2322 3751 2352 3783 P

2005 3829 2075 3863 33*
