2583 4011
119 2188 141 2225 ¹0

121 2600 143 2637 ἐὺ

963 697 1174 776 GAI
1224 697 1604 777 SOLLII

312 881 1494 992 APOLLINARIS
1584 882 2254 991 SIDONII

683 1088 1877 1196 EPISTULARUM

824 1301 1160 1380 LIBER
1210 1300 1754 1381 OCTAVUS,

1273 1604 1307 1644 I.

747 1684 1027 1727 SIDONIUS
1061 1684 1362 1725 PETRONIO
1398 1684 1511 1725 SUO
1545 1683 1841 1726 SALUTEM.

335 1755 413 1815 Ti·
448 1774 624 1829 quidem
663 1772 839 1828 pulchre
887 1774 995 1816 (mos
1034 1772 1101 1812 hic
1141 1776 1256 1812 tuus.
1302 1775 1344 1812 et
1383 1770 1651 1827 persevera).
1700 1770 1765 1810 vir
1812 1770 2001 1811 omnium
2044 1770 2269 1823 bonorum.
2312 1773 2383 1826 qui

186 1843 353 1897 uspiam
397 1843 573 1897 degunt.
616 1842 743 1883 laude
787 1840 1055 1895 dignissime.
1102 1840 1214 1895 quod
1256 1840 1490 1881 amicorum
1529 1839 1706 1894 gloriae,
1752 1839 1891 1880 sicubi
1932 1840 2065 1888 locus,
2108 1840 2383 1884 lenocinaris.

187 1912 284 1952 hinc
319 1918 384 1953 est
418 1911 529 1967 quod
571 1912 700 1953 etiam
741 1910 895 1951 scrinia
928 1909 1123 1950 Arverna
1168 1909 1281 1964 petis
1324 1908 1564 1959 eventilari,
1613 1908 1681 1949 cui
1720 1908 1919 1949 sufficere
1961 1909 2304 1964 suspicabamur,
2348 1910 2384 1951 si

186 1980 286 2034 quid
335 1981 555 2035 superiore
604 1981 781 2034 vulgatu
828 1977 1170 2033 protulissemus.
1235 1978 1379 2032 itaque
1427 1991 1593 2018 morem
1641 1990 1843 2031 geremus
1890 1976 2117 2028 iniunctis,
2166 1978 2378 2019 actionem

185 2060 328 2090 tamen
363 2050 448 2090 stili
483 2054 663 2091 catenus
696 2047 984 2104 prorogaturi.
1017 2050 1064 2087 ut
1088 2046 1372 2102 epistularum
1404 2047 1563 2088 seriem
1595 2045 1795 2086 nimirum
1827 2059 1852 2085 a
1884 2045 2119 2100 primordio
2152 2047 2382 2088 voluminis

186 2118 483 2159 inchoatarum
517 2118 560 2158 in
594 2118 756 2159 extimo
790 2116 874 2156 fine
908 2115 1029 2171 parvi
1063 2115 1203 2156 adhuc
1235 2115 1398 2156 numeri
1439 2129 1605 2156 summa
1644 2113 1890 2170 protendat,
1933 2128 2040 2170 opus
2072 2114 2276 2156 videlicet
2308 2130 2384 2157 ex-

186 2187 377 2241 plicitum
412 2186 597 2241 quodam
642 2186 765 2241 quasi
804 2185 1011 2240 marginis
1051 2185 1117 2226 sui
1162 2185 1295 2225 limbo
1340 2188 1611 2226 coronatura.
1674 2182 1751 2225 sed
1792 2183 1889 2238 plus
1932 2183 2170 2224 cavendum
2209 2188 2288 2235 est,
2331 2198 2385 2226 ne

190 2269 283 2296 scra
327 2261 502 2311 propter
543 2255 627 2295 iam
667 2254 884 2309 propalati
924 2258 1157 2308 augmenta
1202 2253 1431 2294 voluminis
1472 2254 1514 2294 in
1559 2253 1724 2308 aliquos
1768 2252 1949 2293 forsitan
1996 2252 2233 2293 incidamus
2274 2253 2386 2294 vitu-

186 2337 384 2378 perones.
429 2338 608 2378 quorum
652 2323 802 2378 fugere
842 2323 1011 2377 linguas
1053 2326 1149 2363 cote
1189 2323 1335 2363 livoris
1379 2322 1639 2363 naturalitus
1680 2321 1949 2362 acuminatas
1990 2335 2043 2362 ne
2075 2321 2385 2363 Demosthenis

188 2392 358 2446 quidem
402 2392 711 2446 Ciceronisque
752 2392 995 2433 sententiae
1043 2392 1231 2433 artifices
1274 2396 1318 2433 et
1361 2392 1534 2446 eloquia
1569 2391 1691 2432 fabra
1733 2394 1929 2445 potuere,
1977 2403 2156 2444 quorum
2196 2391 2384 2432 anterior

188 2472 331 2501 orator
368 2460 615 2502 Demaden.
667 2461 842 2502 citerior
884 2461 1121 2502 Antonium
1164 2461 1409 2502 toleravere
1457 2460 1757 2515 derogatores3
1801 2459 1871 2514 qui
1916 2459 2037 2500 lividi
2084 2474 2180 2501 cum
2224 2460 2385 2502 fuerint

188 2530 378 2570 malitiae
413 2530 569 2571 clarae.
605 2529 806 2570 dictionis
840 2529 1063 2581 obscurae.
1106 2535 1251 2571 tamen
1283 2529 1337 2570 ad
1368 2529 1566 2571 notitiam
1609 2532 1885 2584 posterorum
1922 2542 2000 2583 per
2039 2528 2138 2570 odia
2176 2529 2384 2571 virtutum

186 2597 536 2638 decucurrerunt.
609 2598 684 2639 sed
732 2599 829 2653 quia
878 2598 1082 2641 hortaris,
1128 2598 1322 2653 repetitis
1370 2598 1567 2639 laxemus
1614 2598 1713 2639 vela
1752 2596 1998 2638 turbinibus
2045 2602 2088 2638 et
2135 2598 2206 2652 qui
2246 2598 2383 2640 veluti

188 2668 323 2707 maria.
355 2668 684 2719 transmisimus.
718 2668 799 2709 hoc
832 2668 953 2723 quasi
989 2672 1189 2723 stagnum
1222 2668 1571 2723 pernavigemus.
1632 2681 1730 2708 nam
1769 2666 1873 2708 satis
1905 2666 2047 2707 habeo
2081 2665 2382 2718 deliberatum,

189 2735 297 2776 sicut
330 2735 619 2777 adhibendam
651 2737 693 2777 in
726 2737 1042 2792 conscriptione
1077 2737 1362 2792 diligentiam.
1409 2737 1469 2777 ita
1499 2735 1731 2778 tenendam
1769 2736 1812 2776 in
1850 2734 2044 2776 editione
2085 2735 2384 2778 constantiam.

191 2803 362 2844 demum
395 2819 496 2846 vcro
530 2804 719 2846 medium
758 2805 863 2846 nihil
904 2810 989 2846 est:
1037 2819 1222 2861 namque
1262 2809 1335 2846 aut
1372 2805 1596 2846 minimum
1636 2819 1692 2846 ex
1730 2804 1850 2845 hisce
1890 2802 2171 2846 metuendum
2213 2806 2383 2845 estant

193 2886 269 2927 per
302 2874 443 2915 onmia
477 2875 650 2915 omnino
685 2874 1076 2916 conticescendum.
1138 2875 1247 2917 vale.

328 3022 341 3054 1
371 3024 527 3056 Sidonius
562 3030 590 3056 cl
621 3036 681 3056 suo
713 3026 855 3057 salutem
881 3037 942 3056 om.
965 3025 999 3056 F
1159 3024 1179 3056 2
1211 3025 1351 3066 pulchre
1385 3023 1432 3064 (re
1464 3025 1497 3055 ἰη
1530 3022 1764 3063 =ras..1[¹)]l,
1797 3023 1913 3065 pulcre
1939 3023 1967 3054 C
2125 3021 2147 3054 4
2178 3034 2329 3055 arvenna
2351 3022 2381 3054 L

190 3102 382 3133 eventilaris
417 3109 445 3131 ls
478 3114 563 3135 eras.
591 3103 666 3137 Jl¹1
692 3104 732 3134 Js
834 3105 1112 3146 conspicabamur
1136 3103 1171 3134 F
1316 3103 1336 3132 ι’)
1369 3103 1613 3145 protilissemus
1636 3102 1668 3134 F
1818 3100 1836 3133 7
1868 3103 1993 3135 extimo
2027 3114 2113 3135 corr.
2140 3114 2180 3134 ea:
2204 3097 2318 3135 extim'
2338 3102 2382 3135 C¹

241 3154 245 3169 :
499 3155 506 3167 s
1941 3154 1972 3171 ra

194 3186 213 3211 bl
239 3182 289 3222 qsi
315 3193 401 3213 corr.
428 3194 466 3213 er
491 3160 589 3224 (Idam
611 3183 660 3214 F¹
831 3183 851 3213 5³
877 3184 1141 3226 vituperationes
1162 3183 1213 3214 F¹
1384 3182 1426 3215 10
1452 3188 1525 3215 cote
1548 3182 1583 3214 in
1608 3194 1677 3215 ras.
1696 3182 1755 3214 M¹
1867 3183 2032 3215 natulitus
2053 3182 2109 3223 0¹,
2133 3182 2332 3215 naturaliter
2356 3181 2388 3213 Τ

191 3261 431 3293 {acuminatas
465 3260 585 3293 (mam
617 3263 676 3295 litt.
703 3274 790 3295 eras.
814 3263 890 3304 JV)
916 3263 955 3293 M
1071 3274 1132 3295 nec
1157 3262 1293 3295 MTCP
1408 3262 1610 3295 demostenis
1633 3262 1732 3303 TGF,
1764 3262 1991 3295 demonstenis
2009 3261 2083 3293 MP
2245 3261 2283 3293 11
2311 3273 2385 3295 sen-

193 3341 322 3372 tencia-„2
345 3342 372 3372 C
519 3341 558 3372 12).
584 3349 693 3375 «nator
712 3343 749 3374 ‚11
761 3343 854 3383 Tel),
879 3339 959 3375 orat'
981 3343 1018 3376 l..
1043 3355 1106 3375 om.
1125 3343 1162 3374 F
1250 3343 1423 3376 clemaden
1441 3342 1479 3374 F
1566 3344 1741 3375 antonium
1766 3342 1848 3375 add.
1873 3342 1909 3375 in
1933 3353 2041 3383 marff.
2060 3341 2096 3373 F
2103 3342 2112 3360 ¹
2209 3354 2255 3374 an
2279 3342 2384 3374 seclu-

1437 3394 1448 3409 4ί

193 3418 338 3450 ‘lendum
366 3420 483 3451 lividi!
631 3420 672 3452 13
698 3422 848 3454 maliciae
870 3424 896 3453 C
987 3423 1142 3454 noticiam
1168 3422 1260 3454 TCF
1350 3395 1520 3465 postes-um
1541 3422 1585 3454 &¹
1681 3422 1954 3454 dencurrerunt
1981 3420 2019 3462 (2
2045 3420 2104 3453 litt.
2131 3432 2218 3453 eras.
2237 3421 2313 3463 M2)
2334 3420 2385 3461 JI,

2344 3472 2351 3490 l

194 3498 413 3531 decurrerunt
439 3498 561 3530 T‘fFP
722 3499 764 3532 14
789 3501 940 3543 reperitis
960 3501 987 3532 l.
1106 3502 1258 3534 laxamus
1281 3502 1312 3533 T
1423 3502 1616 3534 turbinibus
1632 3501 1671 3532 M
1680 3499 1772 3533 TC'F
1770 3499 1810 3541 P,
1842 3500 2023 3548 turbidinis
2041 3500 2071 3532 L
2236 3499 2277 3534 15
2301 3473 2384 3535 trals-

1967 3552 1977 3569 1

194 3578 345 3609 misimus
373 3578 431 3609 JJ1
630 3578 670 3611 1ss
706 3580 931 3612 adhibendum
958 3580 995 3611 F
1129 3581 1308 3623 scriptione
1340 3580 1371 3612 Τ
1562 3578 1601 3612 17
1640 3581 1743 3613 nichil
1769 3579 1912 3620 MTCP,
1951 3580 1985 3611 nl
2015 3579 2052 3611 F
2187 3591 2322 3622 nanque
2346 3579 2390 3611 ss!

197 3656 237 3687 1553
263 3658 548 3690 comiciseendum
569 3658 629 3689 Ῑ,(“
720 3664 818 3689 totam
847 3670 898 3699 ep.
919 3658 965 3689 II
984 3670 1046 3690 om.
1065 3659 1134 3690 LT
1223 3659 1469 3701 inscriptionem
1495 3671 1557 3691 om.
1577 3659 1613 3690 Γ

2422 2331 2456 2355 10
