<?xml version="1.0" encoding="UTF-8"?>
<!DOCTYPE html PUBLIC "-//W3C//DTD XHTML 1.0 Transitional//EN"
    "http://www.w3.org/TR/xhtml1/DTD/xhtml1-transitional.dtd">
<html xmlns="http://www.w3.org/1999/xhtml" xml:lang="en" lang="en">
 <head>
  <title>
</title>
<meta http-equiv="Content-Type" content="text/html;charset=utf-8" />
  <meta name='ocr-system' content='tesseract 3.04.00' />
  <meta name='ocr-capabilities' content='ocr_page ocr_carea ocr_par ocr_line ocrx_word'/>
</head>
<body>
  <div class='ocr_page' id='page_1' title='image "./monumentager08geseuoft_0188.png"; bbox 0 0 2583 4011; ppageno 0'>
   <div class='ocr_carea' id='block_1_1' title="bbox 145 475 167 512">
    <p class='ocr_par' dir='ltr' id='par_1_1' title="bbox 145 475 167 512">
     <span class='ocr_line' id='line_1_1' title="bbox 145 475 167 512; baseline 0 0"><span class='ocrx_word' id='word_1_1' title='bbox 145 475 167 512; x_wconf 79' lang='lat'>2</span> 
     </span>
    </p>
   </div>
   <div class='ocr_carea' id='block_1_2' title="bbox 145 748 168 785">
    <p class='ocr_par' dir='ltr' id='par_1_2' title="bbox 145 748 168 785">
     <span class='ocr_line' id='line_1_2' title="bbox 145 748 166 762; baseline 0 0"><span class='ocrx_word' id='word_1_2' title='bbox 145 748 166 762; x_wconf 68' lang='grc' dir='ltr'>ιι</span> 
     </span>
     <span class='ocr_line' id='line_1_3' title="bbox 145 764 168 785; baseline 0 -3"><span class='ocrx_word' id='word_1_3' title='bbox 145 764 168 785; x_wconf 74' lang='grc'><strong><em>0</em></strong></span> 
     </span>
    </p>
   </div>
   <div class='ocr_carea' id='block_1_3' title="bbox 213 151 1581 195">
    <p class='ocr_par' dir='ltr' id='par_1_3' title="bbox 213 151 1581 195">
     <span class='ocr_line' id='line_1_4' title="bbox 213 151 1581 195; baseline 0.001 -10"><span class='ocrx_word' id='word_1_4' title='bbox 213 156 266 195; x_wconf 81' lang='lat'>96</span> <span class='ocrx_word' id='word_1_5' title='bbox 1034 151 1215 186; x_wconf 69' lang='lat' dir='ltr'>smoun</span> <span class='ocrx_word' id='word_1_6' title='bbox 1240 152 1581 188; x_wconf 72' lang='lat' dir='ltr'>EPISTULARUM</span> 
     </span>
    </p>
   </div>
   <div class='ocr_carea' id='block_1_4' title="bbox 212 254 2401 527">
    <p class='ocr_par' dir='ltr' id='par_1_4' title="bbox 212 254 2401 527">
     <span class='ocr_line' id='line_1_5' title="bbox 212 254 2398 323; baseline 0 -16"><span class='ocrx_word' id='word_1_7' title='bbox 212 272 253 308; x_wconf 88' lang='lat' dir='ltr'>et</span> <span class='ocrx_word' id='word_1_8' title='bbox 285 267 326 306; x_wconf 91' lang='lat' dir='ltr'>in</span> <span class='ocrx_word' id='word_1_9' title='bbox 361 264 521 306; x_wconf 79' lang='lat' dir='ltr'>Christi</span> <span class='ocrx_word' id='word_1_10' title='bbox 555 265 670 306; x_wconf 82' lang='lat' dir='ltr'>cultu</span> <span class='ocrx_word' id='word_1_11' title='bbox 702 266 886 321; x_wconf 79' lang='lat' dir='ltr'>pervigil</span> <span class='ocrx_word' id='word_1_12' title='bbox 920 266 1012 307; x_wconf 88' lang='lat' dir='ltr'>sola</span> <span class='ocrx_word' id='word_1_13' title='bbox 1043 265 1086 306; x_wconf 92' lang='lat' dir='ltr'>in</span> <span class='ocrx_word' id='word_1_14' title='bbox 1119 280 1165 307; x_wconf 90' lang='lat' dir='ltr'>sc</span> <span class='ocrx_word' id='word_1_15' title='bbox 1199 267 1417 322; x_wconf 77' lang='lat' dir='ltr'>compellit</span> <span class='ocrx_word' id='word_1_16' title='bbox 1449 271 1628 323; x_wconf 89' lang='lat' dir='ltr'>peccata</span> <span class='ocrx_word' id='word_1_17' title='bbox 1659 266 1860 312; x_wconf 83' lang='lat' dir='ltr'>dormire,</span> <span class='ocrx_word' id='word_1_18' title='bbox 1895 266 2165 308; x_wconf 87' lang='lat' dir='ltr'>maeroribus</span> <span class='ocrx_word' id='word_1_19' title='bbox 2199 254 2398 308; x_wconf 85' lang='lat' dir='ltr'>orbitatis</span> 
     </span>
     <span class='ocr_line' id='line_1_6' title="bbox 213 325 2401 391; baseline 0.001 -16"><span class='ocrx_word' id='word_1_20' title='bbox 213 335 474 376; x_wconf 84' lang='lat' dir='ltr'>necessitate</span> <span class='ocrx_word' id='word_1_21' title='bbox 508 335 592 375; x_wconf 86' lang='lat' dir='ltr'>litis</span> <span class='ocrx_word' id='word_1_22' title='bbox 624 335 795 376; x_wconf 84' lang='lat' dir='ltr'>adiecta</span> <span class='ocrx_word' id='word_1_23' title='bbox 826 336 867 376; x_wconf 89' lang='lat' dir='ltr'>in</span> <span class='ocrx_word' id='word_1_24' title='bbox 900 334 1139 376; x_wconf 83' lang='lat' dir='ltr'>remedium</span> <span class='ocrx_word' id='word_1_25' title='bbox 1178 336 1279 376; x_wconf 89' lang='lat' dir='ltr'>mali</span> <span class='ocrx_word' id='word_1_26' title='bbox 1321 336 1503 391; x_wconf 90' lang='lat' dir='ltr'>duplicis</span> <span class='ocrx_word' id='word_1_27' title='bbox 1543 336 1855 390; x_wconf 75' lang='lat' dir='ltr'><strong>perfectionem</strong></span> <span class='ocrx_word' id='word_1_28' title='bbox 1889 339 2060 376; x_wconf 85' lang='lat' dir='ltr'>vestrae</span> <span class='ocrx_word' id='word_1_29' title='bbox 2094 325 2401 377; x_wconf 62' lang='lat' dir='ltr'>Consolationis</span> 
     </span>
     <span class='ocr_line' id='line_1_7' title="bbox 216 402 2401 459; baseline 0 -16"><span class='ocrx_word' id='word_1_30' title='bbox 216 408 422 458; x_wconf 80' lang='lat' dir='ltr'>expetere</span> <span class='ocrx_word' id='word_1_31' title='bbox 456 402 646 446; x_wconf 79' lang='lat' dir='ltr'>festinat.</span> <span class='ocrx_word' id='word_1_32' title='bbox 679 409 900 458; x_wconf 79' lang='lat' dir='ltr'>gratanter</span> <span class='ocrx_word' id='word_1_33' title='bbox 933 403 1153 445; x_wconf 85' lang='lat' dir='ltr'>habitura.</span> <span class='ocrx_word' id='word_1_34' title='bbox 1196 404 1286 445; x_wconf 81' lang='lat' dir='ltr'>sive</span> <span class='ocrx_word' id='word_1_35' title='bbox 1329 405 1444 445; x_wconf 90' lang='lat' dir='ltr'>istud</span> <span class='ocrx_word' id='word_1_36' title='bbox 1485 404 1562 444; x_wconf 90' lang='lat' dir='ltr'>tibi</span> <span class='ocrx_word' id='word_1_37' title='bbox 1606 403 1900 458; x_wconf 76' lang='lat' dir='ltr'>peregrinatio</span> <span class='ocrx_word' id='word_1_38' title='bbox 1939 404 2082 444; x_wconf 84' lang='lat' dir='ltr'>brevis</span> <span class='ocrx_word' id='word_1_39' title='bbox 2117 418 2194 444; x_wconf 90' lang='lat' dir='ltr'>seu</span> <span class='ocrx_word' id='word_1_40' title='bbox 2226 404 2401 459; x_wconf 88' lang='lat' dir='ltr'>longum</span> 
     </span>
     <span class='ocr_line' id='line_1_8' title="bbox 213 472 2401 527; baseline 0 -15"><span class='ocrx_word' id='word_1_41' title='bbox 213 477 486 525; x_wconf 87' lang='lat' dir='ltr'>computetur</span> <span class='ocrx_word' id='word_1_42' title='bbox 534 472 735 513; x_wconf 87' lang='lat' dir='ltr'>officium.</span> <span class='ocrx_word' id='word_1_43' title='bbox 812 473 941 527; x_wconf 89' lang='lat' dir='ltr'>igitur</span> <span class='ocrx_word' id='word_1_44' title='bbox 987 472 1180 527; x_wconf 86' lang='lat' dir='ltr'>praefata</span> <span class='ocrx_word' id='word_1_45' title='bbox 1228 473 1490 513; x_wconf 70' lang='lat' dir='ltr'>venerabilis</span> <span class='ocrx_word' id='word_1_46' title='bbox 1539 472 1682 512; x_wconf 87' lang='lat' dir='ltr'>fratris</span> <span class='ocrx_word' id='word_1_47' title='bbox 1731 472 1815 512; x_wconf 91' lang='lat' dir='ltr'>mei</span> <span class='ocrx_word' id='word_1_48' title='bbox 1866 485 1976 512; x_wconf 92' lang='lat' dir='ltr'>nunc</span> <span class='ocrx_word' id='word_1_49' title='bbox 2024 472 2108 512; x_wconf 89' lang='lat' dir='ltr'>iam</span> <span class='ocrx_word' id='word_1_50' title='bbox 2155 472 2401 527; x_wconf 78' lang='lat' dir='ltr'>presbyteri</span> 
     </span>
    </p>
   </div>
   <div class='ocr_carea' id='block_1_5' title="bbox 210 540 2470 595">
    <p class='ocr_par' dir='ltr' id='par_1_5' title="bbox 210 540 2470 595">
     <span class='ocr_line' id='line_1_9' title="bbox 210 540 2470 595; baseline 0 -15"><span class='ocrx_word' id='word_1_51' title='bbox 210 540 459 594; x_wconf 82' lang='lat' dir='ltr'>Agrippini.</span> <span class='ocrx_word' id='word_1_52' title='bbox 510 554 563 581; x_wconf 88' lang='lat' dir='ltr'>ne</span> <span class='ocrx_word' id='word_1_53' title='bbox 597 541 851 581; x_wconf 87' lang='lat' dir='ltr'>iniuriosum</span> <span class='ocrx_word' id='word_1_54' title='bbox 893 542 947 581; x_wconf 86' lang='lat' dir='ltr'>sit</span> <span class='ocrx_word' id='word_1_55' title='bbox 987 540 1150 581; x_wconf 85' lang='lat' dir='ltr'>dixisse</span> <span class='ocrx_word' id='word_1_56' title='bbox 1191 540 1413 595; x_wconf 79' lang='lat' dir='ltr'>nequitiis,</span> <span class='ocrx_word' id='word_1_57' title='bbox 1461 544 1577 581; x_wconf 88' lang='lat' dir='ltr'>certe</span> <span class='ocrx_word' id='word_1_58' title='bbox 1618 540 1824 594; x_wconf 87' lang='lat' dir='ltr'>fatigatur</span> <span class='ocrx_word' id='word_1_59' title='bbox 1864 541 2065 595; x_wconf 89' lang='lat' dir='ltr'>argutiis:</span> <span class='ocrx_word' id='word_1_60' title='bbox 2114 541 2186 595; x_wconf 92' lang='lat' dir='ltr'>qui</span> <span class='ocrx_word' id='word_1_61' title='bbox 2218 540 2403 581; x_wconf 87' lang='lat' dir='ltr'>abutens</span> <span class='ocrx_word' id='word_1_62' title='bbox 2457 551 2470 572; x_wconf 72' lang='lat'>2&#39;1</span> 
     </span>
    </p>
   </div>
   <div class='ocr_carea' id='block_1_6' title="bbox 206 608 2404 871">
    <p class='ocr_par' dir='ltr' id='par_1_6' title="bbox 206 608 2404 871">
     <span class='ocr_line' id='line_1_10' title="bbox 213 608 2404 662; baseline 0 -13"><span class='ocrx_word' id='word_1_63' title='bbox 213 609 496 649; x_wconf 84' lang='lat' dir='ltr'>inbecillitate</span> <span class='ocrx_word' id='word_1_64' title='bbox 543 614 766 650; x_wconf 81' lang='lat' dir='ltr'>matronae</span> <span class='ocrx_word' id='word_1_65' title='bbox 806 622 890 649; x_wconf 90' lang='lat' dir='ltr'>non</span> <span class='ocrx_word' id='word_1_66' title='bbox 931 608 1103 649; x_wconf 88' lang='lat' dir='ltr'>desistit.</span> <span class='ocrx_word' id='word_1_67' title='bbox 1143 609 1347 662; x_wconf 88' lang='lat' dir='ltr'>spiritalis</span> <span class='ocrx_word' id='word_1_68' title='bbox 1388 609 1558 650; x_wconf 89' lang='lat' dir='ltr'>animae</span> <span class='ocrx_word' id='word_1_69' title='bbox 1601 608 1878 649; x_wconf 81' lang='lat' dir='ltr'>serenitatem</span> <span class='ocrx_word' id='word_1_70' title='bbox 1925 609 2212 650; x_wconf 88' lang='lat' dir='ltr'>saecularium</span> <span class='ocrx_word' id='word_1_71' title='bbox 2253 623 2404 650; x_wconf 86' lang='lat' dir='ltr'>versu-</span> 
     </span>
     <span class='ocr_line' id='line_1_11' title="bbox 212 677 2403 734; baseline 0.001 -17"><span class='ocrx_word' id='word_1_72' title='bbox 212 678 368 718; x_wconf 86' lang='lat' dir='ltr'>tiarum</span> <span class='ocrx_word' id='word_1_73' title='bbox 401 677 574 717; x_wconf 78' lang='lat' dir='ltr'>flatibus</span> <span class='ocrx_word' id='word_1_74' title='bbox 617 677 855 718; x_wconf 74' lang='lat' dir='ltr'>turbidare:</span> <span class='ocrx_word' id='word_1_75' title='bbox 895 678 961 718; x_wconf 86' lang='lat' dir='ltr'>cui</span> <span class='ocrx_word' id='word_1_76' title='bbox 1003 678 1079 717; x_wconf 87' lang='lat' dir='ltr'>filii</span> <span class='ocrx_word' id='word_1_77' title='bbox 1114 691 1191 718; x_wconf 87' lang='lat' dir='ltr'>nec</span> <span class='ocrx_word' id='word_1_78' title='bbox 1225 678 1360 718; x_wconf 88' lang='lat' dir='ltr'>multo</span> <span class='ocrx_word' id='word_1_79' title='bbox 1391 682 1490 733; x_wconf 91' lang='lat' dir='ltr'>post</span> <span class='ocrx_word' id='word_1_80' title='bbox 1527 678 1700 733; x_wconf 87' lang='lat' dir='ltr'>nepotis</span> <span class='ocrx_word' id='word_1_81' title='bbox 1732 678 1879 719; x_wconf 85' lang='lat' dir='ltr'>amissi</span> <span class='ocrx_word' id='word_1_82' title='bbox 1912 678 2022 719; x_wconf 88' lang='lat' dir='ltr'>duae</span> <span class='ocrx_word' id='word_1_83' title='bbox 2055 679 2217 734; x_wconf 88' lang='lat' dir='ltr'>pariter</span> <span class='ocrx_word' id='word_1_84' title='bbox 2247 679 2403 734; x_wconf 81' lang='lat' dir='ltr'>plagae</span> 
     </span>
     <span class='ocr_line' id='line_1_12' title="bbox 211 745 2402 803; baseline 0.001 -17"><span class='ocrx_word' id='word_1_85' title='bbox 211 751 408 786; x_wconf 78' lang='lat' dir='ltr'>recentes</span> <span class='ocrx_word' id='word_1_86' title='bbox 440 745 493 786; x_wconf 88' lang='lat' dir='ltr'>ad</span> <span class='ocrx_word' id='word_1_87' title='bbox 526 745 713 786; x_wconf 89' lang='lat' dir='ltr'>diuturni</span> <span class='ocrx_word' id='word_1_88' title='bbox 747 746 907 786; x_wconf 65' lang='lat' dir='ltr'>viduvii</span> <span class='ocrx_word' id='word_1_89' title='bbox 934 747 1088 786; x_wconf 83' lang='lat' dir='ltr'>vulnus</span> <span class='ocrx_word' id='word_1_90' title='bbox 1121 745 1348 788; x_wconf 89' lang='lat' dir='ltr'>adduntur.</span> <span class='ocrx_word' id='word_1_91' title='bbox 1410 747 1715 802; x_wconf 86' lang='lat' dir='ltr'>temptavimus</span> <span class='ocrx_word' id='word_1_92' title='bbox 1739 747 1852 787; x_wconf 88' lang='lat' dir='ltr'>inter</span> <span class='ocrx_word' id='word_1_93' title='bbox 1873 751 2103 802; x_wconf 90' lang='lat' dir='ltr'>utrumque</span> <span class='ocrx_word' id='word_1_94' title='bbox 2128 761 2402 803; x_wconf 85' lang='lat' dir='ltr'>componere,</span> 
     </span>
     <span class='ocr_line' id='line_1_13' title="bbox 206 814 2404 871; baseline 0.002 -18"><span class='ocrx_word' id='word_1_95' title='bbox 206 828 283 854; x_wconf 88' lang='lat' dir='ltr'>nos</span> <span class='ocrx_word' id='word_1_96' title='bbox 333 828 555 855; x_wconf 84' lang='lat' dir='ltr'>maxume.</span> <span class='ocrx_word' id='word_1_97' title='bbox 603 814 756 868; x_wconf 88' lang='lat' dir='ltr'>quibus</span> <span class='ocrx_word' id='word_1_98' title='bbox 798 816 838 855; x_wconf 89' lang='lat' dir='ltr'>in</span> <span class='ocrx_word' id='word_1_99' title='bbox 887 828 961 856; x_wconf 89' lang='lat' dir='ltr'>eos</span> <span class='ocrx_word' id='word_1_100' title='bbox 1004 828 1160 855; x_wconf 80' lang='lat' dir='ltr'>novum</span> <span class='ocrx_word' id='word_1_101' title='bbox 1205 815 1271 855; x_wconf 88' lang='lat' dir='ltr'>ius</span> <span class='ocrx_word' id='word_1_102' title='bbox 1310 815 1523 870; x_wconf 88' lang='lat' dir='ltr'>professio</span> <span class='ocrx_word' id='word_1_103' title='bbox 1566 820 1871 871; x_wconf 88' lang='lat' dir='ltr'>vetustumque</span> <span class='ocrx_word' id='word_1_104' title='bbox 1920 816 2139 858; x_wconf 81' lang='lat' dir='ltr'>faciebant</span> <span class='ocrx_word' id='word_1_105' title='bbox 2178 817 2404 868; x_wconf 78' lang='lat' dir='ltr'>amicitiae,</span> 
     </span>
    </p>
   </div>
   <div class='ocr_carea' id='block_1_7' title="bbox 219 883 2479 940">
    <p class='ocr_par' dir='ltr' id='par_1_7' title="bbox 219 883 2479 940">
     <span class='ocr_line' id='line_1_14' title="bbox 219 883 2479 940; baseline 0.001 -17"><span class='ocrx_word' id='word_1_106' title='bbox 219 883 359 937; x_wconf 85' lang='lat' dir='ltr'>aliqua</span> <span class='ocrx_word' id='word_1_107' title='bbox 402 888 651 923; x_wconf 76' lang='lat' dir='ltr'>censentes.</span> <span class='ocrx_word' id='word_1_108' title='bbox 696 884 928 925; x_wconf 81' lang='lat' dir='ltr'>suadentes</span> <span class='ocrx_word' id='word_1_109' title='bbox 968 884 1220 938; x_wconf 83' lang='lat' dir='ltr'>quaepiam,</span> <span class='ocrx_word' id='word_1_110' title='bbox 1262 884 1448 938; x_wconf 86' lang='lat' dir='ltr'>plurima</span> <span class='ocrx_word' id='word_1_111' title='bbox 1489 885 1809 940; x_wconf 87' lang='lat' dir='ltr'>supplicantes:</span> <span class='ocrx_word' id='word_1_112' title='bbox 1851 885 2048 940; x_wconf 89' lang='lat' dir='ltr'>quodque</span> <span class='ocrx_word' id='word_1_113' title='bbox 2089 885 2324 937; x_wconf 86' lang='lat' dir='ltr'>miremini,</span> <span class='ocrx_word' id='word_1_114' title='bbox 2365 885 2408 926; x_wconf 91' lang='lat' dir='ltr'>in</span> <span class='ocrx_word' id='word_1_115' title='bbox 2446 893 2479 917; x_wconf 82' lang='lat'>10</span> 
     </span>
    </p>
   </div>
   <div class='ocr_carea' id='block_1_8' title="bbox 218 951 2413 1215">
    <p class='ocr_par' dir='ltr' id='par_1_8' title="bbox 218 951 2413 1215">
     <span class='ocr_line' id='line_1_15' title="bbox 220 951 2409 1011; baseline 0.002 -21"><span class='ocrx_word' id='word_1_116' title='bbox 220 965 390 992; x_wconf 88' lang='lat' dir='ltr'>omnem</span> <span class='ocrx_word' id='word_1_117' title='bbox 424 951 682 993; x_wconf 79' lang='lat' dir='ltr'>concordiae</span> <span class='ocrx_word' id='word_1_118' title='bbox 716 958 873 993; x_wconf 88' lang='lat' dir='ltr'>statum</span> <span class='ocrx_word' id='word_1_119' title='bbox 917 952 1157 1011; x_wconf 85' lang='lat' dir='ltr'>promptius</span> <span class='ocrx_word' id='word_1_120' title='bbox 1189 966 1214 993; x_wconf 93' lang='lat' dir='ltr'>a</span> <span class='ocrx_word' id='word_1_121' title='bbox 1246 952 1434 994; x_wconf 89' lang='lat' dir='ltr'>feminea</span> <span class='ocrx_word' id='word_1_122' title='bbox 1469 957 1592 1008; x_wconf 89' lang='lat' dir='ltr'>parte</span> <span class='ocrx_word' id='word_1_123' title='bbox 1629 953 1888 995; x_wconf 83' lang='lat' dir='ltr'>descensum</span> <span class='ocrx_word' id='word_1_124' title='bbox 1926 959 2004 996; x_wconf 88' lang='lat' dir='ltr'>est.</span> <span class='ocrx_word' id='word_1_125' title='bbox 2071 958 2114 995; x_wconf 88' lang='lat' dir='ltr'>et</span> <span class='ocrx_word' id='word_1_126' title='bbox 2151 967 2409 1009; x_wconf 88' lang='lat' dir='ltr'>quamquam</span> 
     </span>
     <span class='ocr_line' id='line_1_16' title="bbox 219 1020 2413 1079; baseline 0.002 -20"><span class='ocrx_word' id='word_1_127' title='bbox 219 1034 264 1060; x_wconf 85' lang='lat' dir='ltr'>se</span> <span class='ocrx_word' id='word_1_128' title='bbox 298 1020 426 1060; x_wconf 86' lang='lat' dir='ltr'>altius</span> <span class='ocrx_word' id='word_1_129' title='bbox 467 1020 738 1074; x_wconf 80' lang='lat' dir='ltr'>profuturum</span> <span class='ocrx_word' id='word_1_130' title='bbox 781 1021 894 1062; x_wconf 84' lang='lat' dir='ltr'>filiae</span> <span class='ocrx_word' id='word_1_131' title='bbox 935 1026 1115 1075; x_wconf 88' lang='lat' dir='ltr'>paterna</span> <span class='ocrx_word' id='word_1_132' title='bbox 1153 1021 1334 1061; x_wconf 80' lang='lat' dir='ltr'>iactaret</span> <span class='ocrx_word' id='word_1_133' title='bbox 1365 1021 1689 1076; x_wconf 88' lang='lat' dir='ltr'>praerogativa,</span> <span class='ocrx_word' id='word_1_134' title='bbox 1735 1023 1860 1063; x_wconf 91' lang='lat' dir='ltr'>nurui</span> <span class='ocrx_word' id='word_1_135' title='bbox 1903 1026 2048 1064; x_wconf 87' lang='lat' dir='ltr'>tamen</span> <span class='ocrx_word' id='word_1_136' title='bbox 2080 1023 2218 1078; x_wconf 86' lang='lat' dir='ltr'>magis</span> <span class='ocrx_word' id='word_1_137' title='bbox 2250 1023 2413 1079; x_wconf 83' lang='lat' dir='ltr'>placuit</span> 
     </span>
     <span class='ocr_line' id='line_1_17' title="bbox 219 1089 2410 1146; baseline 0.002 -18"><span class='ocrx_word' id='word_1_138' title='bbox 219 1089 539 1129; x_wconf 85' lang='lat' dir='ltr'>munificentiae</span> <span class='ocrx_word' id='word_1_139' title='bbox 587 1089 797 1130; x_wconf 85' lang='lat' dir='ltr'>socrualis</span> <span class='ocrx_word' id='word_1_140' title='bbox 835 1089 1009 1130; x_wconf 88' lang='lat' dir='ltr'>oblatio.</span> <span class='ocrx_word' id='word_1_141' title='bbox 1087 1089 1292 1144; x_wconf 84' lang='lat' dir='ltr'>iurgium-</span> <span class='ocrx_word' id='word_1_142' title='bbox 1320 1089 1493 1131; x_wconf 90' lang='lat' dir='ltr'>interim</span> <span class='ocrx_word' id='word_1_143' title='bbox 1537 1090 1835 1146; x_wconf 88' lang='lat' dir='ltr'>semisopitum</span> <span class='ocrx_word' id='word_1_144' title='bbox 1879 1092 2035 1132; x_wconf 87' lang='lat' dir='ltr'>vestris</span> <span class='ocrx_word' id='word_1_145' title='bbox 2075 1091 2201 1132; x_wconf 89' lang='lat' dir='ltr'>modo</span> <span class='ocrx_word' id='word_1_146' title='bbox 2245 1091 2410 1132; x_wconf 91' lang='lat' dir='ltr'>sinibus</span> 
     </span>
     <span class='ocr_line' id='line_1_18' title="bbox 218 1156 2408 1215; baseline 0.003 -20"><span class='ocrx_word' id='word_1_147' title='bbox 218 1156 411 1196; x_wconf 78' lang='lat' dir='ltr'>infertur.</span> <span class='ocrx_word' id='word_1_148' title='bbox 464 1157 689 1211; x_wconf 84' lang='lat' dir='ltr'>pacificate</span> <span class='ocrx_word' id='word_1_149' title='bbox 723 1162 954 1203; x_wconf 74' lang='lat' dir='ltr'>certantes,</span> <span class='ocrx_word' id='word_1_150' title='bbox 989 1162 1031 1197; x_wconf 90' lang='lat' dir='ltr'>et</span> <span class='ocrx_word' id='word_1_151' title='bbox 1053 1157 1313 1212; x_wconf 89' lang='lat' dir='ltr'>pontificalis</span> <span class='ocrx_word' id='word_1_152' title='bbox 1338 1158 1597 1199; x_wconf 89' lang='lat' dir='ltr'>auctoritate</span> <span class='ocrx_word' id='word_1_153' title='bbox 1621 1173 1829 1200; x_wconf 81' lang='lat' dir='ltr'>censurae</span> <span class='ocrx_word' id='word_1_154' title='bbox 1864 1160 2076 1215; x_wconf 84' lang='lat' dir='ltr'>suspectis</span> <span class='ocrx_word' id='word_1_155' title='bbox 2106 1159 2188 1200; x_wconf 89' lang='lat' dir='ltr'>sibi</span> <span class='ocrx_word' id='word_1_156' title='bbox 2213 1159 2408 1215; x_wconf 90' lang='lat' dir='ltr'>partibus</span> 
     </span>
    </p>
   </div>
   <div class='ocr_carea' id='block_1_9' title="bbox 217 1223 2480 1283">
    <p class='ocr_par' dir='ltr' id='par_1_9' title="bbox 217 1223 2480 1283">
     <span class='ocr_line' id='line_1_19' title="bbox 217 1223 2480 1283; baseline 0.003 -20"><span class='ocrx_word' id='word_1_157' title='bbox 217 1223 391 1265; x_wconf 76' lang='lat' dir='ltr'>indicite</span> <span class='ocrx_word' id='word_1_158' title='bbox 425 1226 619 1279; x_wconf 85' lang='lat' dir='ltr'>gratiam.</span> <span class='ocrx_word' id='word_1_159' title='bbox 654 1225 785 1267; x_wconf 89' lang='lat' dir='ltr'>dicite</span> <span class='ocrx_word' id='word_1_160' title='bbox 818 1226 1061 1267; x_wconf 68' lang='lat' dir='ltr'>veritatem.</span> <span class='ocrx_word' id='word_1_161' title='bbox 1124 1230 1275 1267; x_wconf 87' lang='lat' dir='ltr'>sancta</span> <span class='ocrx_word' id='word_1_162' title='bbox 1307 1226 1420 1267; x_wconf 89' lang='lat' dir='ltr'>enim</span> <span class='ocrx_word' id='word_1_163' title='bbox 1454 1226 1678 1283; x_wconf 77' lang='lat' dir='ltr'>Eutropia,</span> <span class='ocrx_word' id='word_1_164' title='bbox 1712 1228 1749 1268; x_wconf 91' lang='lat' dir='ltr'>si</span> <span class='ocrx_word' id='word_1_165' title='bbox 1783 1227 1883 1282; x_wconf 88' lang='lat' dir='ltr'>quid</span> <span class='ocrx_word' id='word_1_166' title='bbox 1907 1228 2151 1269; x_wconf 85' lang='lat' dir='ltr'>vadimonio</span> <span class='ocrx_word' id='word_1_167' title='bbox 2185 1242 2281 1270; x_wconf 89' lang='lat' dir='ltr'>meo</span> <span class='ocrx_word' id='word_1_168' title='bbox 2315 1243 2407 1271; x_wconf 87' lang='lat' dir='ltr'>cre-</span> <span class='ocrx_word' id='word_1_169' title='bbox 2449 1238 2480 1262; x_wconf 72' lang='lat'>15</span> 
     </span>
    </p>
   </div>
   <div class='ocr_carea' id='block_1_10' title="bbox 214 1292 2411 1488">
    <p class='ocr_par' dir='ltr' id='par_1_10' title="bbox 214 1292 2411 1488">
     <span class='ocr_line' id='line_1_20' title="bbox 217 1292 2411 1353; baseline 0.003 -21"><span class='ocrx_word' id='word_1_170' title='bbox 217 1292 331 1334; x_wconf 85' lang='lat' dir='ltr'>ditis.</span> <span class='ocrx_word' id='word_1_171' title='bbox 364 1294 587 1334; x_wconf 70' lang='lat' dir='ltr'>victoriam</span> <span class='ocrx_word' id='word_1_172' title='bbox 621 1299 853 1350; x_wconf 71' lang='lat' dir='ltr'>computat,</span> <span class='ocrx_word' id='word_1_173' title='bbox 887 1295 921 1335; x_wconf 84' lang='lat' dir='ltr'>si</span> <span class='ocrx_word' id='word_1_174' title='bbox 942 1295 1010 1336; x_wconf 70' lang='lat' dir='ltr'>vel</span> <span class='ocrx_word' id='word_1_175' title='bbox 1034 1299 1133 1350; x_wconf 87' lang='lat' dir='ltr'>post</span> <span class='ocrx_word' id='word_1_176' title='bbox 1165 1294 1321 1336; x_wconf 88' lang='lat' dir='ltr'>damna</span> <span class='ocrx_word' id='word_1_177' title='bbox 1352 1309 1437 1336; x_wconf 92' lang='lat' dir='ltr'>non</span> <span class='ocrx_word' id='word_1_178' title='bbox 1471 1296 1626 1350; x_wconf 88' lang='lat' dir='ltr'>litiget.</span> <span class='ocrx_word' id='word_1_179' title='bbox 1687 1297 1800 1338; x_wconf 92' lang='lat' dir='ltr'>unde</span> <span class='ocrx_word' id='word_1_180' title='bbox 1834 1301 1878 1338; x_wconf 89' lang='lat' dir='ltr'>et</span> <span class='ocrx_word' id='word_1_181' title='bbox 1910 1298 2107 1353; x_wconf 90' lang='lat' dir='ltr'>suspicor</span> <span class='ocrx_word' id='word_1_182' title='bbox 2128 1297 2250 1338; x_wconf 85' lang='lat' dir='ltr'>vobis</span> <span class='ocrx_word' id='word_1_183' title='bbox 2281 1311 2411 1338; x_wconf 85' lang='lat' dir='ltr'>unam</span> 
     </span>
     <span class='ocr_line' id='line_1_21' title="bbox 223 1362 2411 1420; baseline 0.003 -19"><span class='ocrx_word' id='word_1_184' title='bbox 223 1362 586 1416; x_wconf 85' lang='lat' dir='ltr'>pronuntiandam</span> <span class='ocrx_word' id='word_1_185' title='bbox 629 1362 801 1403; x_wconf 91' lang='lat' dir='ltr'>domum</span> <span class='ocrx_word' id='word_1_186' title='bbox 849 1363 1181 1415; x_wconf 65' lang='lat' dir='ltr'>discordiosam,</span> <span class='ocrx_word' id='word_1_187' title='bbox 1230 1364 1333 1405; x_wconf 89' lang='lat' dir='ltr'>licet</span> <span class='ocrx_word' id='word_1_188' title='bbox 1371 1364 1602 1406; x_wconf 88' lang='lat' dir='ltr'>inveniatis</span> <span class='ocrx_word' id='word_1_189' title='bbox 1646 1369 1871 1420; x_wconf 87' lang='lat' dir='ltr'>utramque</span> <span class='ocrx_word' id='word_1_190' title='bbox 1922 1366 2178 1408; x_wconf 85' lang='lat' dir='ltr'>discordem.</span> <span class='ocrx_word' id='word_1_191' title='bbox 2246 1380 2411 1407; x_wconf 86' lang='lat' dir='ltr'>memor</span> 
     </span>
     <span class='ocr_line' id='line_1_22' title="bbox 214 1430 1068 1488; baseline 0.006 -19"><span class='ocrx_word' id='word_1_192' title='bbox 214 1430 350 1470; x_wconf 87' lang='lat' dir='ltr'>nostri</span> <span class='ocrx_word' id='word_1_193' title='bbox 384 1444 481 1472; x_wconf 85' lang='lat' dir='ltr'>esse</span> <span class='ocrx_word' id='word_1_194' title='bbox 513 1431 705 1481; x_wconf 81' lang='lat' dir='ltr'>dignare.</span> <span class='ocrx_word' id='word_1_195' title='bbox 739 1431 912 1474; x_wconf 90' lang='lat' dir='ltr'>domine</span> <span class='ocrx_word' id='word_1_196' title='bbox 945 1446 1068 1488; x_wconf 88' lang='lat' dir='ltr'>papa.</span> 
     </span>
    </p>
   </div>
   <div class='ocr_carea' id='block_1_11' title="bbox 624 1605 2025 1739">
    <p class='ocr_par' dir='ltr' id='par_1_11' title="bbox 624 1605 2025 1739">
     <span class='ocr_line' id='line_1_23' title="bbox 1276 1605 1360 1648; baseline 0.036 -3"><span class='ocrx_word' id='word_1_197' title='bbox 1276 1605 1360 1648; x_wconf 90' lang='lat' dir='ltr'><strong>III.</strong></span> 
     </span>
     <span class='ocr_line' id='line_1_24' title="bbox 624 1693 2025 1739; baseline 0.002 -4"><span class='ocrx_word' id='word_1_198' title='bbox 624 1693 905 1736; x_wconf 77' lang='lat' dir='ltr'>SIDONIUS</span> <span class='ocrx_word' id='word_1_199' title='bbox 938 1694 1174 1737; x_wconf 87' lang='lat' dir='ltr'>DOMINO</span> <span class='ocrx_word' id='word_1_200' title='bbox 1206 1694 1404 1737; x_wconf 86' lang='lat' dir='ltr'><strong>PAPAE</strong></span> <span class='ocrx_word' id='word_1_201' title='bbox 1436 1695 1700 1738; x_wconf 82' lang='lat' dir='ltr'>LEONTIO</span> <span class='ocrx_word' id='word_1_202' title='bbox 1734 1696 2025 1739; x_wconf 80' lang='lat' dir='ltr'><strong>SALUTEM,</strong></span> 
     </span>
    </p>
   </div>
   <div class='ocr_carea' id='block_1_12' title="bbox 361 1771 2487 1850">
    <p class='ocr_par' dir='ltr' id='par_1_12' title="bbox 361 1771 2487 1850">
     <span class='ocr_line' id='line_1_25' title="bbox 361 1771 2487 1850; baseline 0.001 -19"><span class='ocrx_word' id='word_1_203' title='bbox 361 1771 474 1832; x_wconf 58' lang='grc' dir='ltr'><strong>ΕΤΕΙ</strong></span> <span class='ocrx_word' id='word_1_204' title='bbox 507 1791 635 1832; x_wconf 89' lang='lat' dir='ltr'>nullis</span> <span class='ocrx_word' id='word_1_205' title='bbox 668 1791 912 1833; x_wconf 89' lang='lat' dir='ltr'>hortatibus</span> <span class='ocrx_word' id='word_1_206' title='bbox 946 1793 1180 1848; x_wconf 89' lang='lat' dir='ltr'>primordia</span> <span class='ocrx_word' id='word_1_207' title='bbox 1211 1798 1385 1836; x_wconf 90' lang='lat' dir='ltr'>nostrae</span> <span class='ocrx_word' id='word_1_208' title='bbox 1418 1794 1701 1850; x_wconf 88' lang='lat' dir='ltr'>professionis</span> <span class='ocrx_word' id='word_1_209' title='bbox 1734 1795 1936 1836; x_wconf 89' lang='lat' dir='ltr'>animatis</span> <span class='ocrx_word' id='word_1_210' title='bbox 1968 1809 2109 1850; x_wconf 89' lang='lat' dir='ltr'>neque</span> <span class='ocrx_word' id='word_1_211' title='bbox 2147 1794 2259 1835; x_wconf 90' lang='lat' dir='ltr'>sitim</span> <span class='ocrx_word' id='word_1_212' title='bbox 2290 1794 2414 1849; x_wconf 84' lang='lat' dir='ltr'>igno·</span> <span class='ocrx_word' id='word_1_213' title='bbox 2453 1803 2487 1827; x_wconf 79' lang='lat'>2⁰</span> 
     </span>
    </p>
   </div>
   <div class='ocr_carea' id='block_1_13' title="bbox 221 1859 2420 2540">
    <p class='ocr_par' dir='ltr' id='par_1_13' title="bbox 221 1859 2420 2540">
     <span class='ocr_line' id='line_1_26' title="bbox 221 1859 2418 1918; baseline 0.002 -20"><span class='ocrx_word' id='word_1_214' title='bbox 221 1859 386 1899; x_wconf 90' lang='lat' dir='ltr'>rantiae</span> <span class='ocrx_word' id='word_1_215' title='bbox 427 1859 637 1901; x_wconf 80' lang='lat' dir='ltr'>hactenus</span> <span class='ocrx_word' id='word_1_216' title='bbox 678 1861 914 1902; x_wconf 87' lang='lat' dir='ltr'>saecularis</span> <span class='ocrx_word' id='word_1_217' title='bbox 955 1862 1044 1903; x_wconf 90' lang='lat' dir='ltr'>ullo</span> <span class='ocrx_word' id='word_1_218' title='bbox 1087 1877 1301 1918; x_wconf 86' lang='lat' dir='ltr'>supernae</span> <span class='ocrx_word' id='word_1_219' title='bbox 1344 1863 1492 1918; x_wconf 88' lang='lat' dir='ltr'>rigatis</span> <span class='ocrx_word' id='word_1_220' title='bbox 1541 1864 1677 1905; x_wconf 87' lang='lat' dir='ltr'>imbre</span> <span class='ocrx_word' id='word_1_221' title='bbox 1724 1864 1971 1916; x_wconf 89' lang='lat' dir='ltr'>doctrinae,</span> <span class='ocrx_word' id='word_1_222' title='bbox 2021 1878 2106 1906; x_wconf 91' lang='lat' dir='ltr'>non</span> <span class='ocrx_word' id='word_1_223' title='bbox 2153 1878 2233 1918; x_wconf 88' lang='lat' dir='ltr'>ego</span> <span class='ocrx_word' id='word_1_224' title='bbox 2272 1866 2418 1904; x_wconf 89' lang='lat' dir='ltr'>tamen</span> 
     </span>
     <span class='ocr_line' id='line_1_27' title="bbox 221 1928 2419 1989; baseline 0.002 -22"><span class='ocrx_word' id='word_1_225' title='bbox 221 1932 385 1968; x_wconf 90' lang='lat' dir='ltr'>tantum</span> <span class='ocrx_word' id='word_1_226' title='bbox 419 1928 502 1969; x_wconf 91' lang='lat' dir='ltr'>mei</span> <span class='ocrx_word' id='word_1_227' title='bbox 543 1929 783 1970; x_wconf 90' lang='lat' dir='ltr'>meminens</span> <span class='ocrx_word' id='word_1_228' title='bbox 823 1944 907 1971; x_wconf 90' lang='lat' dir='ltr'>non</span> <span class='ocrx_word' id='word_1_229' title='bbox 954 1945 1068 1983; x_wconf 86' lang='lat' dir='ltr'>sum,</span> <span class='ocrx_word' id='word_1_230' title='bbox 1114 1936 1162 1972; x_wconf 90' lang='lat' dir='ltr'>ut</span> <span class='ocrx_word' id='word_1_231' title='bbox 1203 1946 1228 1972; x_wconf 90' lang='lat' dir='ltr'>a</span> <span class='ocrx_word' id='word_1_232' title='bbox 1265 1931 1371 1973; x_wconf 90' lang='lat' dir='ltr'>meis</span> <span class='ocrx_word' id='word_1_233' title='bbox 1414 1947 1689 1987; x_wconf 82' lang='lat' dir='ltr'>praesumam</span> <span class='ocrx_word' id='word_1_234' title='bbox 1730 1933 1928 1988; x_wconf 87' lang='lat' dir='ltr'>partibus</span> <span class='ocrx_word' id='word_1_235' title='bbox 1969 1933 2139 1989; x_wconf 86' lang='lat' dir='ltr'>aequali</span> <span class='ocrx_word' id='word_1_236' title='bbox 2180 1932 2419 1974; x_wconf 88' lang='lat' dir='ltr'>officiorum</span> 
     </span>
     <span class='ocr_line' id='line_1_28' title="bbox 224 1996 2418 2057; baseline 0.002 -21"><span class='ocrx_word' id='word_1_237' title='bbox 224 1996 349 2037; x_wconf 83' lang='lat' dir='ltr'>lance</span> <span class='ocrx_word' id='word_1_238' title='bbox 383 1997 646 2038; x_wconf 83' lang='lat' dir='ltr'>certandum.</span> <span class='ocrx_word' id='word_1_239' title='bbox 707 2012 807 2039; x_wconf 86' lang='lat' dir='ltr'>nam</span> <span class='ocrx_word' id='word_1_240' title='bbox 840 2013 935 2040; x_wconf 81' lang='lat' dir='ltr'>cum</span> <span class='ocrx_word' id='word_1_241' title='bbox 968 2004 1117 2041; x_wconf 87' lang='lat' dir='ltr'>nostra</span> <span class='ocrx_word' id='word_1_242' title='bbox 1149 2000 1424 2042; x_wconf 88' lang='lat' dir='ltr'>mediocritas</span> <span class='ocrx_word' id='word_1_243' title='bbox 1456 2005 1599 2043; x_wconf 83' lang='lat' dir='ltr'>aetate</span> <span class='ocrx_word' id='word_1_244' title='bbox 1632 2002 1761 2055; x_wconf 78' lang='lat' dir='ltr'>vitae,</span> <span class='ocrx_word' id='word_1_245' title='bbox 1794 2006 1988 2057; x_wconf 86' lang='lat' dir='ltr'>tempore</span> <span class='ocrx_word' id='word_1_246' title='bbox 2018 2001 2254 2057; x_wconf 85' lang='lat' dir='ltr'>dignitatis,</span> <span class='ocrx_word' id='word_1_247' title='bbox 2285 2000 2418 2056; x_wconf 88' lang='lat' dir='ltr'>privi-</span> 
     </span>
     <span class='ocr_line' id='line_1_29' title="bbox 222 2065 2417 2123; baseline 0.002 -18"><span class='ocrx_word' id='word_1_248' title='bbox 222 2065 335 2119; x_wconf 90' lang='lat' dir='ltr'>legio</span> <span class='ocrx_word' id='word_1_249' title='bbox 369 2065 465 2106; x_wconf 85' lang='lat' dir='ltr'>loci.</span> <span class='ocrx_word' id='word_1_250' title='bbox 500 2065 627 2107; x_wconf 86' lang='lat' dir='ltr'>laude</span> <span class='ocrx_word' id='word_1_251' title='bbox 662 2068 883 2112; x_wconf 70' lang='lat' dir='ltr'>scientiae,</span> <span class='ocrx_word' id='word_1_252' title='bbox 917 2067 1028 2109; x_wconf 91' lang='lat' dir='ltr'>dono</span> <span class='ocrx_word' id='word_1_253' title='bbox 1061 2069 1353 2111; x_wconf 88' lang='lat' dir='ltr'>conscientiae</span> <span class='ocrx_word' id='word_1_254' title='bbox 1386 2073 1555 2112; x_wconf 85' lang='lat' dir='ltr'>vestrae</span> <span class='ocrx_word' id='word_1_255' title='bbox 1588 2070 1715 2112; x_wconf 85' lang='lat' dir='ltr'>facile</span> <span class='ocrx_word' id='word_1_256' title='bbox 1748 2071 1956 2123; x_wconf 72' lang='lat' dir='ltr'>vincatur,</span> <span class='ocrx_word' id='word_1_257' title='bbox 1989 2072 2154 2112; x_wconf 90' lang='lat' dir='ltr'>nullum</span> <span class='ocrx_word' id='word_1_258' title='bbox 2187 2083 2417 2121; x_wconf 89' lang='lat' dir='ltr'>meremur,</span> 
     </span>
     <span class='ocr_line' id='line_1_30' title="bbox 222 2133 2418 2193; baseline 0.002 -20"><span class='ocrx_word' id='word_1_259' title='bbox 222 2133 256 2173; x_wconf 91' lang='lat' dir='ltr'>si</span> <span class='ocrx_word' id='word_1_260' title='bbox 290 2147 367 2188; x_wconf 91' lang='lat' dir='ltr'>par</span> <span class='ocrx_word' id='word_1_261' title='bbox 399 2140 681 2190; x_wconf 84' lang='lat' dir='ltr'>expectamus</span> <span class='ocrx_word' id='word_1_262' title='bbox 715 2136 962 2191; x_wconf 88' lang='lat' dir='ltr'>alloquium.</span> <span class='ocrx_word' id='word_1_263' title='bbox 1032 2137 1163 2192; x_wconf 90' lang='lat' dir='ltr'>igitur</span> <span class='ocrx_word' id='word_1_264' title='bbox 1201 2152 1285 2179; x_wconf 90' lang='lat' dir='ltr'>non</span> <span class='ocrx_word' id='word_1_265' title='bbox 1329 2138 1578 2180; x_wconf 88' lang='lat' dir='ltr'>incusantes</span> <span class='ocrx_word' id='word_1_266' title='bbox 1620 2139 1839 2180; x_wconf 89' lang='lat' dir='ltr'>silentium</span> <span class='ocrx_word' id='word_1_267' title='bbox 1876 2143 2071 2180; x_wconf 84' lang='lat' dir='ltr'>vestrum</span> <span class='ocrx_word' id='word_1_268' title='bbox 2111 2138 2188 2180; x_wconf 89' lang='lat' dir='ltr'>sed</span> <span class='ocrx_word' id='word_1_269' title='bbox 2226 2138 2418 2193; x_wconf 86' lang='lat' dir='ltr'>loquaci-</span> 
     </span>
     <span class='ocr_line' id='line_1_31' title="bbox 223 2204 2420 2263; baseline 0.003 -22"><span class='ocrx_word' id='word_1_270' title='bbox 223 2206 356 2242; x_wconf 87' lang='lat' dir='ltr'>tatem</span> <span class='ocrx_word' id='word_1_271' title='bbox 389 2208 578 2244; x_wconf 88' lang='lat' dir='ltr'>nostram</span> <span class='ocrx_word' id='word_1_272' title='bbox 612 2204 755 2259; x_wconf 88' lang='lat' dir='ltr'>potius</span> <span class='ocrx_word' id='word_1_273' title='bbox 779 2218 990 2247; x_wconf 84' lang='lat' dir='ltr'>excusare</span> <span class='ocrx_word' id='word_1_274' title='bbox 1012 2206 1202 2248; x_wconf 89' lang='lat' dir='ltr'>nitentes</span> <span class='ocrx_word' id='word_1_275' title='bbox 1225 2207 1576 2248; x_wconf 86' lang='lat' dir='ltr'>commendamus</span> <span class='ocrx_word' id='word_1_276' title='bbox 1601 2208 1771 2263; x_wconf 88' lang='lat' dir='ltr'>apicum</span> <span class='ocrx_word' id='word_1_277' title='bbox 1793 2208 2057 2263; x_wconf 84' lang='lat' dir='ltr'>portitorem,</span> <span class='ocrx_word' id='word_1_278' title='bbox 2092 2208 2213 2249; x_wconf 92' lang='lat' dir='ltr'>cuius</span> <span class='ocrx_word' id='word_1_279' title='bbox 2237 2208 2272 2248; x_wconf 90' lang='lat' dir='ltr'>si</span> <span class='ocrx_word' id='word_1_280' title='bbox 2293 2221 2420 2263; x_wconf 87' lang='lat' dir='ltr'>pere-</span> 
     </span>
     <span class='ocr_line' id='line_1_32' title="bbox 223 2270 2420 2333; baseline 0.004 -23"><span class='ocrx_word' id='word_1_281' title='bbox 223 2270 513 2323; x_wconf 88' lang='lat' dir='ltr'>grinationem</span> <span class='ocrx_word' id='word_1_282' title='bbox 535 2277 732 2328; x_wconf 85' lang='lat' dir='ltr'>prompto</span> <span class='ocrx_word' id='word_1_283' title='bbox 761 2273 908 2315; x_wconf 86' lang='lat' dir='ltr'>favore</span> <span class='ocrx_word' id='word_1_284' title='bbox 933 2274 1131 2318; x_wconf 75' lang='lat' dir='ltr'>foveatis,</span> <span class='ocrx_word' id='word_1_285' title='bbox 1164 2275 1338 2329; x_wconf 86' lang='lat' dir='ltr'>grandis</span> <span class='ocrx_word' id='word_1_286' title='bbox 1367 2276 1611 2317; x_wconf 89' lang='lat' dir='ltr'>actionibus</span> <span class='ocrx_word' id='word_1_287' title='bbox 1636 2276 1751 2317; x_wconf 89' lang='lat' dir='ltr'>illius</span> <span class='ocrx_word' id='word_1_288' title='bbox 1774 2280 1923 2331; x_wconf 90' lang='lat' dir='ltr'>portus</span> <span class='ocrx_word' id='word_1_289' title='bbox 1948 2277 2192 2318; x_wconf 87' lang='lat' dir='ltr'>securitatis</span> <span class='ocrx_word' id='word_1_290' title='bbox 2216 2276 2420 2333; x_wconf 87' lang='lat' dir='ltr'>aperitur.</span> 
     </span>
     <span class='ocr_line' id='line_1_33' title="bbox 223 2340 2417 2400; baseline 0.004 -21"><span class='ocrx_word' id='word_1_291' title='bbox 223 2340 444 2392; x_wconf 87' lang='lat' dir='ltr'>negotium</span> <span class='ocrx_word' id='word_1_292' title='bbox 476 2341 575 2382; x_wconf 89' lang='lat' dir='ltr'>huic</span> <span class='ocrx_word' id='word_1_293' title='bbox 607 2343 983 2383; x_wconf 86' lang='lat' dir='ltr'>testamentarium</span> <span class='ocrx_word' id='word_1_294' title='bbox 1017 2348 1097 2384; x_wconf 91' lang='lat' dir='ltr'>est.</span> <span class='ocrx_word' id='word_1_295' title='bbox 1166 2344 1304 2385; x_wconf 88' lang='lat' dir='ltr'>latent</span> <span class='ocrx_word' id='word_1_296' title='bbox 1347 2358 1445 2386; x_wconf 92' lang='lat' dir='ltr'>eum</span> <span class='ocrx_word' id='word_1_297' title='bbox 1484 2345 1757 2400; x_wconf 89' lang='lat' dir='ltr'>propriarum</span> <span class='ocrx_word' id='word_1_298' title='bbox 1794 2346 1948 2387; x_wconf 85' lang='lat' dir='ltr'>merita</span> <span class='ocrx_word' id='word_1_299' title='bbox 1987 2346 2251 2387; x_wconf 84' lang='lat' dir='ltr'>chartarum:</span> <span class='ocrx_word' id='word_1_300' title='bbox 2294 2350 2417 2400; x_wconf 85' lang='lat' dir='ltr'>toga-</span> 
     </span>
     <span class='ocr_line' id='line_1_34' title="bbox 225 2410 2420 2470; baseline 0.004 -22"><span class='ocrx_word' id='word_1_301' title='bbox 225 2416 363 2449; x_wconf 90' lang='lat' dir='ltr'>torum</span> <span class='ocrx_word' id='word_1_302' title='bbox 398 2410 484 2450; x_wconf 88' lang='lat' dir='ltr'>illic</span> <span class='ocrx_word' id='word_1_303' title='bbox 517 2415 795 2465; x_wconf 89' lang='lat' dir='ltr'>perorantum</span> <span class='ocrx_word' id='word_1_304' title='bbox 827 2411 1029 2466; x_wconf 91' lang='lat' dir='ltr'>peritiam</span> <span class='ocrx_word' id='word_1_305' title='bbox 1063 2413 1289 2454; x_wconf 90' lang='lat' dir='ltr'>consulere</span> <span class='ocrx_word' id='word_1_306' title='bbox 1328 2413 1536 2468; x_wconf 85' lang='lat' dir='ltr'>perrexit,</span> <span class='ocrx_word' id='word_1_307' title='bbox 1581 2428 1657 2469; x_wconf 92' lang='lat' dir='ltr'>pro</span> <span class='ocrx_word' id='word_1_308' title='bbox 1695 2415 1876 2455; x_wconf 87' lang='lat' dir='ltr'>victoria</span> <span class='ocrx_word' id='word_1_309' title='bbox 1908 2418 2252 2470; x_wconf 88' lang='lat' dir='ltr'>computaturus,</span> <span class='ocrx_word' id='word_1_310' title='bbox 2293 2415 2329 2455; x_wconf 83' lang='lat' dir='ltr'>si</span> <span class='ocrx_word' id='word_1_311' title='bbox 2373 2429 2420 2456; x_wconf 90' lang='lat' dir='ltr'>se</span> 
     </span>
     <span class='ocr_line' id='line_1_35' title="bbox 226 2476 2420 2540; baseline 0.004 -24"><span class='ocrx_word' id='word_1_312' title='bbox 226 2476 494 2519; x_wconf 89' lang='lat' dir='ltr'>intellexerit</span> <span class='ocrx_word' id='word_1_313' title='bbox 526 2478 617 2519; x_wconf 90' lang='lat' dir='ltr'>iure</span> <span class='ocrx_word' id='word_1_314' title='bbox 651 2481 865 2534; x_wconf 88' lang='lat' dir='ltr'>superari,</span> <span class='ocrx_word' id='word_1_315' title='bbox 908 2480 1034 2522; x_wconf 90' lang='lat' dir='ltr'>modo</span> <span class='ocrx_word' id='word_1_316' title='bbox 1074 2495 1130 2523; x_wconf 91' lang='lat' dir='ltr'>ne</span> <span class='ocrx_word' id='word_1_317' title='bbox 1163 2482 1245 2523; x_wconf 91' lang='lat' dir='ltr'>sibi</span> <span class='ocrx_word' id='word_1_318' title='bbox 1286 2483 1462 2538; x_wconf 90' lang='lat' dir='ltr'>suisque</span> <span class='ocrx_word' id='word_1_319' title='bbox 1505 2482 1699 2525; x_wconf 87' lang='lat' dir='ltr'>desidiae</span> <span class='ocrx_word' id='word_1_320' title='bbox 1732 2484 1835 2525; x_wconf 87' lang='lat' dir='ltr'>vitio</span> <span class='ocrx_word' id='word_1_321' title='bbox 1873 2497 2100 2540; x_wconf 88' lang='lat' dir='ltr'>perperam</span> <span class='ocrx_word' id='word_1_322' title='bbox 2133 2483 2298 2525; x_wconf 89' lang='lat' dir='ltr'>cavisse</span> <span class='ocrx_word' id='word_1_323' title='bbox 2331 2484 2420 2525; x_wconf 93' lang='lat' dir='ltr'>cul-</span> 
     </span>
    </p>
   </div>
   <div class='ocr_carea' id='block_1_14' title="bbox 228 2562 772 2571">
    <p class='ocr_par' dir='ltr' id='par_1_14' title="bbox 228 2562 772 2571">
     <span class='ocr_line' id='line_1_36' title="bbox 228 2562 772 2571; baseline 0 0"><span class='ocrx_word' id='word_1_324' title='bbox 228 2562 772 2571; x_wconf 95' lang='lat' dir='ltr'> </span> 
     </span>
    </p>
   </div>
   <div class='ocr_carea' id='block_1_15' title="bbox 223 2615 2426 2837">
    <p class='ocr_par' dir='ltr' id='par_1_15' title="bbox 223 2615 2426 2837">
     <span class='ocr_line' id='line_1_37' title="bbox 362 2615 2426 2666; baseline 0.003 -19"><span class='ocrx_word' id='word_1_325' title='bbox 362 2615 378 2646; x_wconf 91' lang='lat'>1</span> <span class='ocrx_word' id='word_1_326' title='bbox 406 2617 503 2648; x_wconf 84' lang='lat' dir='ltr'>cultu</span> <span class='ocrx_word' id='word_1_327' title='bbox 528 2617 643 2650; x_wconf 84' lang='lat' dir='ltr'>christi</span> <span class='ocrx_word' id='word_1_328' title='bbox 673 2620 701 2649; x_wconf 68' lang='lat' dir='ltr'>(l</span> <span class='ocrx_word' id='word_1_329' title='bbox 853 2618 874 2651; x_wconf 89' lang='grc'>2</span> <span class='ocrx_word' id='word_1_330' title='bbox 900 2620 1142 2652; x_wconf 78' lang='lat' dir='ltr'>consulationis</span> <span class='ocrx_word' id='word_1_331' title='bbox 1168 2620 1200 2652; x_wconf 89' lang='lat' dir='ltr'><em>L</em></span> <span class='ocrx_word' id='word_1_332' title='bbox 1361 2619 1382 2653; x_wconf 89' lang='lat'><strong>3</strong></span> <span class='ocrx_word' id='word_1_333' title='bbox 1409 2621 1602 2654; x_wconf 87' lang='lat' dir='ltr'>habitatura</span> <span class='ocrx_word' id='word_1_334' title='bbox 1629 2622 1658 2654; x_wconf 80' lang='lat' dir='ltr'><em>C</em></span> <span class='ocrx_word' id='word_1_335' title='bbox 1815 2621 1836 2654; x_wconf 84' lang='lat'><strong>4</strong></span> <span class='ocrx_word' id='word_1_336' title='bbox 1862 2623 2070 2666; x_wconf 84' lang='lat' dir='ltr'>praesbyteri</span> <span class='ocrx_word' id='word_1_337' title='bbox 2095 2622 2145 2663; x_wconf 89' lang='lat' dir='ltr'>L,</span> <span class='ocrx_word' id='word_1_338' title='bbox 2181 2622 2357 2665; x_wconf 87' lang='lat' dir='ltr'>presbiteri</span> <span class='ocrx_word' id='word_1_339' title='bbox 2381 2622 2426 2654; x_wconf 90' lang='lat' dir='ltr'><em>M</em></span> 
     </span>
     <span class='ocr_line' id='line_1_38' title="bbox 223 2693 2420 2745; baseline 0.004 -20"><span class='ocrx_word' id='word_1_340' title='bbox 223 2693 244 2725; x_wconf 72' lang='grc' dir='ltr'>ι’)</span> <span class='ocrx_word' id='word_1_341' title='bbox 269 2695 412 2737; x_wconf 84' lang='lat' dir='ltr'>agripini</span> <span class='ocrx_word' id='word_1_342' title='bbox 445 2695 476 2727; x_wconf 88' lang='lat' dir='ltr'><em>T</em></span> <span class='ocrx_word' id='word_1_343' title='bbox 476 2694 512 2737; x_wconf 70' lang='grc' dir='ltr'>ζ’,</span> <span class='ocrx_word' id='word_1_344' title='bbox 536 2698 730 2741; x_wconf 83' lang='lat' dir='ltr'>aggrippini</span> <span class='ocrx_word' id='word_1_345' title='bbox 758 2699 795 2730; x_wconf 87' lang='lat' dir='ltr'><em>F</em></span> <span class='ocrx_word' id='word_1_346' title='bbox 884 2701 1049 2742; x_wconf 87' lang='lat' dir='ltr'>nequiciis</span> <span class='ocrx_word' id='word_1_347' title='bbox 1077 2702 1106 2733; x_wconf 75' lang='lat' dir='ltr'>(J</span> <span class='ocrx_word' id='word_1_348' title='bbox 1195 2697 1305 2745; x_wconf 70' lang='lat' dir='ltr'>argut&#39;</span> <span class='ocrx_word' id='word_1_349' title='bbox 1333 2701 1362 2734; x_wconf 72' lang='lat' dir='ltr'>(J</span> <span class='ocrx_word' id='word_1_350' title='bbox 1520 2701 1541 2735; x_wconf 85' lang='lat'>6</span> <span class='ocrx_word' id='word_1_351' title='bbox 1566 2703 1772 2736; x_wconf 83' lang='lat' dir='ltr'>inbecilitate</span> <span class='ocrx_word' id='word_1_352' title='bbox 1797 2703 1846 2744; x_wconf 90' lang='lat' dir='ltr'>L,</span> <span class='ocrx_word' id='word_1_353' title='bbox 1870 2703 2100 2736; x_wconf 82' lang='lat' dir='ltr'>imbecillitate</span> <span class='ocrx_word' id='word_1_354' title='bbox 2125 2702 2204 2744; x_wconf 77' lang='lat' dir='ltr'>MC,</span> <span class='ocrx_word' id='word_1_355' title='bbox 2229 2702 2420 2736; x_wconf 87' lang='lat' dir='ltr'>imbescilli-</span> 
     </span>
     <span class='ocr_line' id='line_1_39' title="bbox 233 2775 2422 2837; baseline 0.004 -32"><span class='ocrx_word' id='word_1_356' title='bbox 233 2781 299 2807; x_wconf 76' lang='lat' dir='ltr'>tate</span> <span class='ocrx_word' id='word_1_357' title='bbox 320 2775 358 2806; x_wconf 85' lang='lat' dir='ltr'><em>F</em></span> <span class='ocrx_word' id='word_1_358' title='bbox 470 2777 655 2818; x_wconf 79' lang='lat' dir='ltr'>spiritualis</span> <span class='ocrx_word' id='word_1_359' title='bbox 684 2778 710 2810; x_wconf 84' lang='lat' dir='ltr'><em>C</em></span> <span class='ocrx_word' id='word_1_360' title='bbox 872 2778 891 2811; x_wconf 79' lang='lat'>7</span> <span class='ocrx_word' id='word_1_361' title='bbox 917 2781 967 2812; x_wconf 73' lang='lat' dir='ltr'>Cn</span> <span class='ocrx_word' id='word_1_362' title='bbox 982 2780 1020 2813; x_wconf 98' lang='lat' dir='ltr'><em>F</em></span> <span class='ocrx_word' id='word_1_363' title='bbox 1131 2787 1205 2824; x_wconf 85' lang='lat' dir='ltr'>post</span> <span class='ocrx_word' id='word_1_364' title='bbox 1228 2783 1334 2815; x_wconf 82' lang='lat' dir='ltr'>multo</span> <span class='ocrx_word' id='word_1_365' title='bbox 1349 2782 1490 2815; x_wconf 78' lang='lat' dir='ltr'><em>LMFP</em></span> <span class='ocrx_word' id='word_1_366' title='bbox 1602 2784 1790 2837; x_wconf 79' lang='lat' dir='ltr'>admissiF</span> <span class='ocrx_word' id='word_1_367' title='bbox 1797 2784 1807 2803; x_wconf 87' lang='lat'>¹</span> <span class='ocrx_word' id='word_1_368' title='bbox 1925 2784 2048 2827; x_wconf 88' lang='lat' dir='ltr'>pariter</span> <span class='ocrx_word' id='word_1_369' title='bbox 2072 2795 2096 2816; x_wconf 81' lang='lat' dir='ltr'>s.</span> <span class='ocrx_word' id='word_1_370' title='bbox 2125 2784 2145 2816; x_wconf 74' lang='lat' dir='ltr'>l.</span> <span class='ocrx_word' id='word_1_371' title='bbox 2173 2783 2254 2816; x_wconf 72' lang='lat' dir='ltr'>add.</span> <span class='ocrx_word' id='word_1_372' title='bbox 2279 2783 2336 2825; x_wconf 40' lang='grc' dir='ltr'>Τι’,</span> <span class='ocrx_word' id='word_1_373' title='bbox 2362 2784 2422 2825; x_wconf 73' lang='lat' dir='ltr'>leq.</span> 
     </span>
    </p>
   </div>
   <div class='ocr_carea' id='block_1_16' title="bbox 220 2858 2427 3013">
    <p class='ocr_par' dir='ltr' id='par_1_16' title="bbox 220 2858 2427 3013">
     <span class='ocr_line' id='line_1_40' title="bbox 220 2858 2427 2897; baseline 0.004 -12"><span class='ocrx_word' id='word_1_374' title='bbox 220 2861 298 2896; x_wconf 68' lang='lat' dir='ltr'>pos!</span> <span class='ocrx_word' id='word_1_375' title='bbox 324 2863 473 2888; x_wconf 82' lang='lat' dir='ltr'>recentes</span> <span class='ocrx_word' id='word_1_376' title='bbox 499 2858 531 2889; x_wconf 78' lang='lat' dir='ltr'>in</span> <span class='ocrx_word' id='word_1_377' title='bbox 562 2858 590 2889; x_wconf 65' lang='lat' dir='ltr'>(J</span> <span class='ocrx_word' id='word_1_378' title='bbox 758 2859 780 2891; x_wconf 78' lang='grc'>8</span> <span class='ocrx_word' id='word_1_379' title='bbox 805 2861 1002 2894; x_wconf 87' lang='lat' dir='ltr'>recedentes</span> <span class='ocrx_word' id='word_1_380' title='bbox 1028 2862 1058 2893; x_wconf 89' lang='lat' dir='ltr'><em>L</em></span> <span class='ocrx_word' id='word_1_381' title='bbox 1174 2863 1389 2896; x_wconf 82' lang='lat' dir='ltr'>temtavimus</span> <span class='ocrx_word' id='word_1_382' title='bbox 1414 2863 1445 2895; x_wconf 82' lang='lat' dir='ltr'><em>L</em></span> <span class='ocrx_word' id='word_1_383' title='bbox 1560 2864 1647 2896; x_wconf 87' lang='lat' dir='ltr'>inter</span> <span class='ocrx_word' id='word_1_384' title='bbox 1671 2865 1707 2896; x_wconf 73' lang='lat' dir='ltr'>in</span> <span class='ocrx_word' id='word_1_385' title='bbox 1730 2875 1801 2897; x_wconf 71' lang='lat' dir='ltr'>ras.</span> <span class='ocrx_word' id='word_1_386' title='bbox 1816 2864 1858 2896; x_wconf 87' lang='lat' dir='ltr'><em>M</em></span> <span class='ocrx_word' id='word_1_387' title='bbox 1865 2864 1875 2883; x_wconf 86' lang='lat'><strong>¹</strong></span> <span class='ocrx_word' id='word_1_388' title='bbox 2040 2862 2060 2895; x_wconf 89' lang='grc'>9</span> <span class='ocrx_word' id='word_1_389' title='bbox 2086 2864 2230 2896; x_wconf 88' lang='lat' dir='ltr'>maxime</span> <span class='ocrx_word' id='word_1_390' title='bbox 2255 2862 2298 2894; x_wconf 88' lang='lat' dir='ltr'><em>M</em></span> <span class='ocrx_word' id='word_1_391' title='bbox 2302 2861 2427 2895; x_wconf 79' lang='lat' dir='ltr'>TOFP</span> 
     </span>
     <span class='ocr_line' id='line_1_41' title="bbox 1524 2915 1533 2931; baseline 0 0"><span class='ocrx_word' id='word_1_392' title='bbox 1524 2915 1533 2931; x_wconf 86' lang='lat'><strong>)</strong></span> 
     </span>
     <span class='ocr_line' id='line_1_42' title="bbox 228 2915 2422 2988; baseline 0.005 -22"><span class='ocrx_word' id='word_1_393' title='bbox 228 2946 266 2966; x_wconf 72' lang='lat' dir='ltr'>eo</span> <span class='ocrx_word' id='word_1_394' title='bbox 296 2936 324 2966; x_wconf 78' lang='lat'>(&#39;</span> <span class='ocrx_word' id='word_1_395' title='bbox 390 2942 631 2980; x_wconf 71' lang='lat' dir='ltr'>vestutumque</span> <span class='ocrx_word' id='word_1_396' title='bbox 645 2938 682 2970; x_wconf 79' lang='lat' dir='ltr'><em>F</em></span> <span class='ocrx_word' id='word_1_397' title='bbox 747 2940 919 2974; x_wconf 84' lang='lat' dir='ltr'>amiciciae</span> <span class='ocrx_word' id='word_1_398' title='bbox 936 2941 999 2973; x_wconf 85' lang='lat' dir='ltr'>CF</span> <span class='ocrx_word' id='word_1_399' title='bbox 1130 2940 1173 2975; x_wconf 89' lang='grc'>10</span> <span class='ocrx_word' id='word_1_400' title='bbox 1197 2944 1403 2987; x_wconf 87' lang='lat' dir='ltr'>suplicantes</span> <span class='ocrx_word' id='word_1_401' title='bbox 1416 2943 1458 2984; x_wconf 80' lang='lat' dir='ltr'>L,</span> <span class='ocrx_word' id='word_1_402' title='bbox 1482 2915 1689 2986; x_wconf 71' lang='lat' dir='ltr'>stiplicantes</span> <span class='ocrx_word' id='word_1_403' title='bbox 1707 2943 1750 2975; x_wconf 73' lang='lat'>0¹</span> <span class='ocrx_word' id='word_1_404' title='bbox 1877 2943 1917 2976; x_wconf 95' lang='grc'>11</span> <span class='ocrx_word' id='word_1_405' title='bbox 1944 2943 2153 2988; x_wconf 82' lang='lat' dir='ltr'>promtiusL</span> <span class='ocrx_word' id='word_1_406' title='bbox 2223 2943 2422 2976; x_wconf 85' lang='lat' dir='ltr'>descensum</span> 
     </span>
     <span class='ocr_line' id='line_1_43' title="bbox 2319 2995 2338 3013; baseline 0.053 -1"><span class='ocrx_word' id='word_1_407' title='bbox 2319 2995 2338 3013; x_wconf 81' lang='lat' dir='ltr'>ll</span> 
     </span>
    </p>
   </div>
   <div class='ocr_carea' id='block_1_17' title="bbox 230 3015 2420 3089">
    <p class='ocr_par' dir='ltr' id='par_1_17' title="bbox 230 3015 2420 3089">
     <span class='ocr_line' id='line_1_44' title="bbox 230 3015 2420 3088; baseline 0.005 -43"><span class='ocrx_word' id='word_1_408' title='bbox 230 3015 359 3056; x_wconf 52' lang='lat' dir='ltr'>serim-i,</span> <span class='ocrx_word' id='word_1_409' title='bbox 385 3016 577 3049; x_wconf 83' lang='lat' dir='ltr'>discensum</span> <span class='ocrx_word' id='word_1_410' title='bbox 604 3018 650 3059; x_wconf 85' lang='lat' dir='ltr'>L,</span> <span class='ocrx_word' id='word_1_411' title='bbox 681 3020 866 3088; x_wconf 52' lang='lat' dir='ltr'>discessum</span> <span class='ocrx_word' id='word_1_412' title='bbox 892 3021 936 3053; x_wconf 79' lang='lat' dir='ltr'><em>M</em></span> <span class='ocrx_word' id='word_1_413' title='bbox 940 3022 972 3053; x_wconf 87' lang='lat' dir='ltr'><em>T</em></span> <span class='ocrx_word' id='word_1_414' title='bbox 971 3022 1064 3054; x_wconf 81' lang='lat' dir='ltr'>CFP</span> <span class='ocrx_word' id='word_1_415' title='bbox 1165 3035 1359 3066; x_wconf 85' lang='lat' dir='ltr'>quanquam</span> <span class='ocrx_word' id='word_1_416' title='bbox 1384 3023 1496 3056; x_wconf 80' lang='lat' dir='ltr'>LMF</span> <span class='ocrx_word' id='word_1_417' title='bbox 1647 3021 1689 3055; x_wconf 75' lang='lat'>12</span> <span class='ocrx_word' id='word_1_418' title='bbox 1713 3024 1820 3056; x_wconf 85' lang='lat' dir='ltr'>alcius</span> <span class='ocrx_word' id='word_1_419' title='bbox 1854 3024 1882 3055; x_wconf 72' lang='grc' dir='ltr'><strong><em>Ο</em></strong></span> <span class='ocrx_word' id='word_1_420' title='bbox 1976 3025 2116 3057; x_wconf 83' lang='lat' dir='ltr'>iectaret</span> <span class='ocrx_word' id='word_1_421' title='bbox 2139 3024 2171 3056; x_wconf 85' lang='lat' dir='ltr'><em>L</em></span> <span class='ocrx_word' id='word_1_422' title='bbox 2263 3024 2341 3056; x_wconf 88' lang='lat' dir='ltr'>nuri</span> <span class='ocrx_word' id='word_1_423' title='bbox 2365 3023 2403 3056; x_wconf 84' lang='lat' dir='ltr'><em>F</em></span> <span class='ocrx_word' id='word_1_424' title='bbox 2411 3023 2420 3042; x_wconf 88' lang='lat'><strong>¹</strong></span> 
     </span>
     <span class='ocr_line' id='line_1_45' title="bbox 762 3073 778 3089; baseline 0 0"><span class='ocrx_word' id='word_1_425' title='bbox 762 3073 778 3089; x_wconf 74' lang='lat' dir='ltr'>ss</span> 
     </span>
    </p>
   </div>
   <div class='ocr_carea' id='block_1_18' title="bbox 2459 2492 2492 2516">
    <p class='ocr_par' dir='ltr' id='par_1_18' title="bbox 2459 2492 2492 2516">
     <span class='ocr_line' id='line_1_46' title="bbox 2459 2492 2492 2516; baseline 0 0"><span class='ocrx_word' id='word_1_426' title='bbox 2459 2492 2492 2516; x_wconf 86' lang='lat'>30</span> 
     </span>
    </p>
   </div>
   <div class='ocr_carea' id='block_1_19' title="bbox 230 3094 2460 3139">
    <p class='ocr_par' dir='ltr' id='par_1_19' title="bbox 230 3094 2460 3139">
     <span class='ocr_line' id='line_1_47' title="bbox 230 3094 2460 3139; baseline 0.005 -14"><span class='ocrx_word' id='word_1_427' title='bbox 230 3094 272 3125; x_wconf 78' lang='lat'>13</span> <span class='ocrx_word' id='word_1_428' title='bbox 297 3096 460 3127; x_wconf 81' lang='lat' dir='ltr'>socrualis</span> <span class='ocrx_word' id='word_1_429' title='bbox 485 3098 735 3132; x_wconf 83' lang='lat' dir='ltr'>munificentiae</span> <span class='ocrx_word' id='word_1_430' title='bbox 760 3101 885 3133; x_wconf 81' lang='lat' dir='ltr'>oblatio</span> <span class='ocrx_word' id='word_1_431' title='bbox 911 3102 959 3132; x_wconf 86' lang='lat' dir='ltr'>T2</span> <span class='ocrx_word' id='word_1_432' title='bbox 1030 3103 1131 3136; x_wconf 78' lang='lat' dir='ltr'>interi</span> <span class='ocrx_word' id='word_1_433' title='bbox 1156 3115 1183 3137; x_wconf 83' lang='lat'>8.</span> <span class='ocrx_word' id='word_1_434' title='bbox 1202 3105 1224 3137; x_wconf 84' lang='lat' dir='ltr'>l.</span> <span class='ocrx_word' id='word_1_435' title='bbox 1243 3105 1324 3137; x_wconf 75' lang='lat' dir='ltr'>add.</span> <span class='ocrx_word' id='word_1_436' title='bbox 1347 3105 1395 3136; x_wconf 74' lang='lat' dir='ltr'>T2</span> <span class='ocrx_word' id='word_1_437' title='bbox 1466 3105 1597 3137; x_wconf 90' lang='lat' dir='ltr'>sinibus</span> <span class='ocrx_word' id='word_1_438' title='bbox 1622 3116 1710 3138; x_wconf 69' lang='lat' dir='ltr'>corr.</span> <span class='ocrx_word' id='word_1_439' title='bbox 1728 3117 1768 3138; x_wconf 67' lang='lat' dir='ltr'>ese</span> <span class='ocrx_word' id='word_1_440' title='bbox 1791 3106 1917 3139; x_wconf 85' lang='lat' dir='ltr'>finibus</span> <span class='ocrx_word' id='word_1_441' title='bbox 1931 3105 1983 3137; x_wconf 75' lang='lat'>1²¹</span> <span class='ocrx_word' id='word_1_442' title='bbox 2100 3104 2143 3137; x_wconf 78' lang='lat'>15</span> <span class='ocrx_word' id='word_1_443' title='bbox 2168 3105 2301 3138; x_wconf 84' lang='lat' dir='ltr'>creditis</span> <span class='ocrx_word' id='word_1_444' title='bbox 2318 3116 2382 3137; x_wconf 89' lang='lat' dir='ltr'>om.</span> <span class='ocrx_word' id='word_1_445' title='bbox 2399 3104 2428 3136; x_wconf 77' lang='lat' dir='ltr'>C&#39;</span> <span class='ocrx_word' id='word_1_446' title='bbox 2454 3105 2460 3110; x_wconf 71' lang='lat'><strong>⁴</strong></span> 
     </span>
    </p>
   </div>
   <div class='ocr_carea' id='block_1_20' title="bbox 230 3174 2423 3229">
    <p class='ocr_par' dir='ltr' id='par_1_20' title="bbox 230 3174 2423 3229">
     <span class='ocr_line' id='line_1_48' title="bbox 230 3174 2423 3229; baseline 0.004 -20"><span class='ocrx_word' id='word_1_447' title='bbox 230 3174 272 3206; x_wconf 72' lang='lat' dir='ltr'>1ss</span> <span class='ocrx_word' id='word_1_448' title='bbox 297 3176 442 3219; x_wconf 78' lang='lat' dir='ltr'>dampna</span> <span class='ocrx_word' id='word_1_449' title='bbox 465 3178 573 3211; x_wconf 64' lang='lat' dir='ltr'>MCF</span> <span class='ocrx_word' id='word_1_450' title='bbox 714 3180 754 3213; x_wconf 77' lang='lat'>17</span> <span class='ocrx_word' id='word_1_451' title='bbox 782 3184 1069 3225; x_wconf 85' lang='lat' dir='ltr'>pronunciandam</span> <span class='ocrx_word' id='word_1_452' title='bbox 1090 3183 1198 3217; x_wconf 79' lang='lat' dir='ltr'>LMG</span> <span class='ocrx_word' id='word_1_453' title='bbox 1340 3185 1383 3218; x_wconf 80' lang='lat'>18</span> <span class='ocrx_word' id='word_1_454' title='bbox 1408 3197 1481 3218; x_wconf 89' lang='lat' dir='ltr'>esse</span> <span class='ocrx_word' id='word_1_455' title='bbox 1506 3186 1645 3229; x_wconf 86' lang='lat' dir='ltr'>dignare</span> <span class='ocrx_word' id='word_1_456' title='bbox 1670 3186 1803 3218; x_wconf 88' lang='lat' dir='ltr'>domine</span> <span class='ocrx_word' id='word_1_457' title='bbox 1828 3196 1913 3228; x_wconf 87' lang='lat' dir='ltr'>papa</span> <span class='ocrx_word' id='word_1_458' title='bbox 1937 3197 2001 3219; x_wconf 85' lang='lat' dir='ltr'>om.</span> <span class='ocrx_word' id='word_1_459' title='bbox 2025 3185 2054 3217; x_wconf 28' lang='grc' dir='ltr'>(μ’</span> <span class='ocrx_word' id='word_1_460' title='bbox 2198 3183 2241 3217; x_wconf 85' lang='grc'>19</span> <span class='ocrx_word' id='word_1_461' title='bbox 2265 3185 2423 3218; x_wconf 86' lang='lat' dir='ltr'>Sidonius</span> 
     </span>
    </p>
   </div>
   <div class='ocr_carea' id='block_1_21' title="bbox 228 3254 2423 3334">
    <p class='ocr_par' dir='ltr' id='par_1_21' title="bbox 228 3254 2423 3334">
     <span class='ocr_line' id='line_1_49' title="bbox 228 3254 2423 3334; baseline 0.004 -47"><span class='ocrx_word' id='word_1_462' title='bbox 228 3254 362 3287; x_wconf 81' lang='lat' dir='ltr'>domino</span> <span class='ocrx_word' id='word_1_463' title='bbox 389 3262 418 3288; x_wconf 73' lang='lat' dir='ltr'>ct</span> <span class='ocrx_word' id='word_1_464' title='bbox 442 3258 585 3291; x_wconf 84' lang='lat' dir='ltr'>salutem</span> <span class='ocrx_word' id='word_1_465' title='bbox 613 3272 673 3292; x_wconf 77' lang='lat'><em>0771.</em></span> <span class='ocrx_word' id='word_1_466' title='bbox 702 3261 739 3292; x_wconf 91' lang='lat' dir='ltr'><em>F</em></span> <span class='ocrx_word' id='word_1_467' title='bbox 927 3262 973 3295; x_wconf 79' lang='grc'>20</span> <span class='ocrx_word' id='word_1_468' title='bbox 1008 3265 1198 3298; x_wconf 78' lang='lat' dir='ltr'>hortatibus</span> <span class='ocrx_word' id='word_1_469' title='bbox 1226 3265 1331 3306; x_wconf 84' lang='lat' dir='ltr'>(tibus</span> <span class='ocrx_word' id='word_1_470' title='bbox 1356 3266 1392 3297; x_wconf 76' lang='lat' dir='ltr'>in</span> <span class='ocrx_word' id='word_1_471' title='bbox 1416 3277 1485 3297; x_wconf 73' lang='lat' dir='ltr'>ras.</span> <span class='ocrx_word' id='word_1_472' title='bbox 1504 3265 1547 3296; x_wconf 82' lang='lat' dir='ltr'><em>M</em></span> <span class='ocrx_word' id='word_1_473' title='bbox 1562 3265 1587 3305; x_wconf 94' lang='lat'>¹)</span> <span class='ocrx_word' id='word_1_474' title='bbox 1613 3265 1663 3306; x_wconf 81' lang='lat' dir='ltr'>M,</span> <span class='ocrx_word' id='word_1_475' title='bbox 1696 3265 1943 3334; x_wconf 66' lang='lat' dir='ltr'>hortationipps</span> <span class='ocrx_word' id='word_1_476' title='bbox 1968 3264 1998 3296; x_wconf 69' lang='lat' dir='ltr'><em>fi</em></span> <span class='ocrx_word' id='word_1_477' title='bbox 2195 3262 2237 3296; x_wconf 93' lang='grc'>21</span> <span class='ocrx_word' id='word_1_478' title='bbox 2277 3275 2423 3307; x_wconf 77' lang='lat' dir='ltr'>superne</span> 
     </span>
     <span class='ocr_line' id='line_1_50' title="bbox 1920 3316 1982 3334; baseline 0 -1"><span class='ocrx_word' id='word_1_479' title='bbox 1920 3316 1982 3334; x_wconf 70' lang='lat' dir='ltr'>»ono</span> 
     </span>
    </p>
   </div>
   <div class='ocr_carea' id='block_1_22' title="bbox 227 3336 2430 3573">
    <p class='ocr_par' dir='ltr' id='par_1_22' title="bbox 227 3336 2422 3387">
     <span class='ocr_line' id='line_1_51' title="bbox 227 3336 2422 3387; baseline -0 -10"><span class='ocrx_word' id='word_1_480' title='bbox 227 3345 251 3366; x_wconf 61' lang='lat'>⁸·</span> <span class='ocrx_word' id='word_1_481' title='bbox 280 3336 300 3366; x_wconf 69' lang='lat' dir='ltr'>l·</span> <span class='ocrx_word' id='word_1_482' title='bbox 328 3336 408 3368; x_wconf 66' lang='grc' dir='ltr'>(ΠΜ-</span> <span class='ocrx_word' id='word_1_483' title='bbox 440 3337 471 3367; x_wconf 85' lang='lat' dir='ltr'><em>T</em></span> <span class='ocrx_word' id='word_1_484' title='bbox 476 3338 499 3377; x_wconf 74' lang='lat'>²&gt;</span> <span class='ocrx_word' id='word_1_485' title='bbox 534 3349 680 3380; x_wconf 58' lang='lat' dir='ltr'>superno</span> <span class='ocrx_word' id='word_1_486' title='bbox 706 3340 743 3372; x_wconf 75' lang='lat' dir='ltr'><em>F</em></span> <span class='ocrx_word' id='word_1_487' title='bbox 832 3343 950 3384; x_wconf 78' lang='lat' dir='ltr'>ymbre</span> <span class='ocrx_word' id='word_1_488' title='bbox 976 3343 1019 3375; x_wconf 76' lang='grc' dir='ltr'><em>Μ</em></span> <span class='ocrx_word' id='word_1_489' title='bbox 1168 3342 1213 3376; x_wconf 90' lang='grc'>22</span> <span class='ocrx_word' id='word_1_490' title='bbox 1237 3345 1390 3387; x_wconf 86' lang='lat' dir='ltr'>partibus</span> <span class='ocrx_word' id='word_1_491' title='bbox 1416 3356 1628 3387; x_wconf 87' lang='lat' dir='ltr'>praesumam</span> <span class='ocrx_word' id='word_1_492' title='bbox 1654 3346 1692 3378; x_wconf 91' lang='lat' dir='ltr'><em>F</em></span> <span class='ocrx_word' id='word_1_493' title='bbox 1838 3343 1882 3377; x_wconf 86' lang='grc'>24</span> <span class='ocrx_word' id='word_1_494' title='bbox 1907 3345 1993 3377; x_wconf 89' lang='lat' dir='ltr'>dono</span> <span class='ocrx_word' id='word_1_495' title='bbox 2018 3343 2105 3377; x_wconf 69' lang='lat' dir='ltr'>cscie</span> <span class='ocrx_word' id='word_1_496' title='bbox 2137 3344 2169 3376; x_wconf 88' lang='lat' dir='ltr'><em>T</em></span> <span class='ocrx_word' id='word_1_497' title='bbox 2255 3355 2422 3377; x_wconf 87' lang='lat' dir='ltr'>meremur</span> 
     </span>
    </p>

    <p class='ocr_par' dir='ltr' id='par_1_23' title="bbox 232 3413 2428 3468">
     <span class='ocr_line' id='line_1_52' title="bbox 232 3413 2428 3468; baseline 0.003 -20"><span class='ocrx_word' id='word_1_498' title='bbox 232 3413 322 3446; x_wconf 62' lang='lat' dir='ltr'>(mur</span> <span class='ocrx_word' id='word_1_499' title='bbox 353 3415 387 3446; x_wconf 81' lang='lat' dir='ltr'>in</span> <span class='ocrx_word' id='word_1_500' title='bbox 412 3427 482 3448; x_wconf 59' lang='lat' dir='ltr'>raa.</span> <span class='ocrx_word' id='word_1_501' title='bbox 509 3417 584 3459; x_wconf 78' lang='lat' dir='ltr'>M1)</span> <span class='ocrx_word' id='word_1_502' title='bbox 612 3418 653 3449; x_wconf 73' lang='lat' dir='ltr'>J!</span> <span class='ocrx_word' id='word_1_503' title='bbox 812 3419 856 3452; x_wconf 73' lang='lat'>2⁴3</span> <span class='ocrx_word' id='word_1_504' title='bbox 881 3424 1191 3456; x_wconf 81' lang='lat' dir='ltr'>commendavimus</span> <span class='ocrx_word' id='word_1_505' title='bbox 1219 3425 1283 3457; x_wconf 75' lang='lat' dir='ltr'>s&#39;F</span> <span class='ocrx_word' id='word_1_506' title='bbox 1393 3425 1588 3467; x_wconf 85' lang='lat' dir='ltr'>portitorem</span> <span class='ocrx_word' id='word_1_507' title='bbox 1617 3424 1657 3466; x_wconf 81' lang='lat' dir='ltr'>(ti</span> <span class='ocrx_word' id='word_1_508' title='bbox 1682 3426 1717 3457; x_wconf 61' lang='lat' dir='ltr'>{oz</span> <span class='ocrx_word' id='word_1_509' title='bbox 1742 3436 1811 3458; x_wconf 78' lang='lat' dir='ltr'>ras.</span> <span class='ocrx_word' id='word_1_510' title='bbox 1838 3425 1881 3456; x_wconf 85' lang='lat' dir='ltr'><em>M</em></span> <span class='ocrx_word' id='word_1_511' title='bbox 1889 3424 1916 3465; x_wconf 84' lang='lat'>²)</span> <span class='ocrx_word' id='word_1_512' title='bbox 1941 3424 1986 3456; x_wconf 91' lang='lat' dir='ltr'><em>M</em></span> <span class='ocrx_word' id='word_1_513' title='bbox 2141 3422 2185 3457; x_wconf 77' lang='grc'>27</span> <span class='ocrx_word' id='word_1_514' title='bbox 2210 3429 2339 3468; x_wconf 86' lang='lat' dir='ltr'>promto</span> <span class='ocrx_word' id='word_1_515' title='bbox 2364 3423 2428 3456; x_wconf 77' lang='lat' dir='ltr'>LO</span> 
     </span>
    </p>

    <p class='ocr_par' dir='ltr' id='par_1_24' title="bbox 229 3492 2430 3573">
     <span class='ocr_line' id='line_1_53' title="bbox 229 3492 2430 3546; baseline 0.003 -18"><span class='ocrx_word' id='word_1_516' title='bbox 229 3492 320 3524; x_wconf 66' lang='lat' dir='ltr'>illins</span> <span class='ocrx_word' id='word_1_517' title='bbox 347 3494 538 3526; x_wconf 66' lang='lat' dir='ltr'>actionibus</span> <span class='ocrx_word' id='word_1_518' title='bbox 570 3494 601 3525; x_wconf 86' lang='lat' dir='ltr'><em>T</em></span> <span class='ocrx_word' id='word_1_519' title='bbox 734 3496 778 3529; x_wconf 74' lang='grc'>28</span> <span class='ocrx_word' id='word_1_520' title='bbox 803 3500 983 3541; x_wconf 85' lang='lat' dir='ltr'>negocium</span> <span class='ocrx_word' id='word_1_521' title='bbox 1013 3502 1041 3533; x_wconf 80' lang='lat' dir='ltr'><em>C</em></span> <span class='ocrx_word' id='word_1_522' title='bbox 1115 3504 1405 3536; x_wconf 82' lang='lat' dir='ltr'>testamentorium</span> <span class='ocrx_word' id='word_1_523' title='bbox 1433 3504 1462 3535; x_wconf 66' lang='lat' dir='ltr'>(l</span> <span class='ocrx_word' id='word_1_524' title='bbox 1538 3505 1628 3537; x_wconf 89' lang='lat' dir='ltr'>enim</span> <span class='ocrx_word' id='word_1_525' title='bbox 1652 3504 1696 3546; x_wconf 87' lang='lat' dir='ltr'>F,</span> <span class='ocrx_word' id='word_1_526' title='bbox 1719 3508 1812 3538; x_wconf 59' lang='lat' dir='ltr'>elis.</span> <span class='ocrx_word' id='word_1_527' title='bbox 1840 3505 1861 3537; x_wconf 76' lang='lat' dir='ltr'>l.</span> <span class='ocrx_word' id='word_1_528' title='bbox 1886 3505 1967 3537; x_wconf 75' lang='lat' dir='ltr'>add.</span> <span class='ocrx_word' id='word_1_529' title='bbox 1994 3504 2045 3536; x_wconf 84' lang='lat' dir='ltr'>F¹</span> <span class='ocrx_word' id='word_1_530' title='bbox 2129 3509 2296 3537; x_wconf 82' lang='lat' dir='ltr'>cartarum</span> <span class='ocrx_word' id='word_1_531' title='bbox 2322 3503 2430 3536; x_wconf 78' lang='lat' dir='ltr'>MC&#39;F</span> 
     </span>
     <span class='ocr_line' id='line_1_54' title="bbox 1402 3555 1420 3573; baseline 0 0"><span class='ocrx_word' id='word_1_532' title='bbox 1402 3555 1420 3573; x_wconf 81' lang='lat' dir='ltr'>u</span> 
     </span>
    </p>
   </div>
   <div class='ocr_carea' id='block_1_23' title="bbox 230 3570 2429 3626">
    <p class='ocr_par' dir='ltr' id='par_1_25' title="bbox 230 3570 2429 3626">
     <span class='ocr_line' id='line_1_55' title="bbox 230 3570 2429 3626; baseline 0.003 -18"><span class='ocrx_word' id='word_1_533' title='bbox 230 3570 272 3604; x_wconf 63' lang='lat'>29</span> <span class='ocrx_word' id='word_1_534' title='bbox 299 3574 525 3614; x_wconf 58' lang='lat' dir='ltr'>perorandum</span> <span class='ocrx_word' id='word_1_535' title='bbox 553 3574 590 3606; x_wconf 86' lang='lat' dir='ltr'><em>F</em></span> <span class='ocrx_word' id='word_1_536' title='bbox 679 3578 808 3619; x_wconf 78' lang='lat' dir='ltr'>perexit</span> <span class='ocrx_word' id='word_1_537' title='bbox 833 3579 863 3610; x_wconf 80' lang='lat' dir='ltr'><em>L</em></span> <span class='ocrx_word' id='word_1_538' title='bbox 967 3579 1014 3624; x_wconf 87' lang='lat' dir='ltr'>se]</span> <span class='ocrx_word' id='word_1_539' title='bbox 1043 3593 1114 3615; x_wconf 83' lang='lat' dir='ltr'>sese</span> <span class='ocrx_word' id='word_1_540' title='bbox 1142 3582 1171 3615; x_wconf 76' lang='lat' dir='ltr'><em>C</em></span> <span class='ocrx_word' id='word_1_541' title='bbox 1312 3582 1357 3615; x_wconf 81' lang='lat'>30</span> <span class='ocrx_word' id='word_1_542' title='bbox 1381 3584 1527 3626; x_wconf 85' lang='lat' dir='ltr'>separari</span> <span class='ocrx_word' id='word_1_543' title='bbox 1552 3584 1604 3616; x_wconf 86' lang='lat' dir='ltr'>L²</span> <span class='ocrx_word' id='word_1_544' title='bbox 1707 3585 1833 3625; x_wconf 76' lang='lat' dir='ltr'>desidie</span> <span class='ocrx_word' id='word_1_545' title='bbox 1858 3585 1940 3617; x_wconf 84' lang='lat' dir='ltr'>vitio</span> <span class='ocrx_word' id='word_1_546' title='bbox 1973 3583 2005 3626; x_wconf 58' lang='lat' dir='ltr'>te</span> <span class='ocrx_word' id='word_1_547' title='bbox 2030 3591 2059 3618; x_wconf 81' lang='lat' dir='ltr'>et</span> <span class='ocrx_word' id='word_1_548' title='bbox 2083 3596 2102 3617; x_wconf 91' lang='lat' dir='ltr'>o</span> <span class='ocrx_word' id='word_1_549' title='bbox 2125 3585 2159 3617; x_wconf 69' lang='lat' dir='ltr'>iv</span> <span class='ocrx_word' id='word_1_550' title='bbox 2185 3596 2255 3616; x_wconf 69' lang='lat' dir='ltr'>ras.</span> <span class='ocrx_word' id='word_1_551' title='bbox 2281 3584 2357 3623; x_wconf 68' lang='lat' dir='ltr'>Ml)</span> <span class='ocrx_word' id='word_1_552' title='bbox 2385 3583 2429 3621; x_wconf 82' lang='lat' dir='ltr'><em>M</em></span> 
     </span>
    </p>
   </div>
   <div class='ocr_carea' id='block_1_24' title="bbox 227 3640 1822 3706">
    <p class='ocr_par' dir='ltr' id='par_1_26' title="bbox 227 3640 1822 3706">
     <span class='ocr_line' id='line_1_56' title="bbox 628 3640 647 3651; baseline 0 0"><span class='ocrx_word' id='word_1_553' title='bbox 628 3640 647 3651; x_wconf 62' lang='lat' dir='ltr'>u</span> 
     </span>
     <span class='ocr_line' id='line_1_57' title="bbox 227 3652 1822 3706; baseline 0.009 -24"><span class='ocrx_word' id='word_1_554' title='bbox 227 3652 310 3683; x_wconf 69' lang='lat' dir='ltr'>viri«.</span> <span class='ocrx_word' id='word_1_555' title='bbox 335 3664 398 3684; x_wconf 74' lang='lat' dir='ltr'>nm.</span> <span class='ocrx_word' id='word_1_556' title='bbox 417 3654 445 3685; x_wconf 65' lang='grc' dir='ltr'>(ζ’</span> <span class='ocrx_word' id='word_1_557' title='bbox 534 3659 644 3699; x_wconf 79' lang='lat' dir='ltr'>iputet</span> <span class='ocrx_word' id='word_1_558' title='bbox 671 3668 845 3700; x_wconf 84' lang='lat' dir='ltr'>perperam</span> <span class='ocrx_word' id='word_1_559' title='bbox 872 3659 1002 3693; x_wconf 79' lang='lat' dir='ltr'>cavisse</span> <span class='ocrx_word' id='word_1_560' title='bbox 1029 3659 1105 3701; x_wconf 81' lang='lat' dir='ltr'>(om.</span> <span class='ocrx_word' id='word_1_561' title='bbox 1131 3663 1301 3706; x_wconf 83' lang='lat' dir='ltr'>culpetur)</span> <span class='ocrx_word' id='word_1_562' title='bbox 1333 3663 1363 3695; x_wconf 87' lang='grc' dir='ltr'><em>Τ</em></span> <span class='ocrx_word' id='word_1_563' title='bbox 1451 3664 1581 3697; x_wconf 82' lang='lat' dir='ltr'>cavisse</span> <span class='ocrx_word' id='word_1_564' title='bbox 1605 3665 1640 3697; x_wconf 72' lang='lat' dir='ltr'>in</span> <span class='ocrx_word' id='word_1_565' title='bbox 1664 3676 1734 3697; x_wconf 73' lang='lat' dir='ltr'>ras.</span> <span class='ocrx_word' id='word_1_566' title='bbox 1762 3665 1822 3697; x_wconf 79' lang='lat' dir='ltr'>M¹</span> 
     </span>
    </p>
   </div>
  </div>
 </body>
</html>
