2583 4011
166 175 244 216 106
1013 169 1194 205 SIDONII
1220 167 1565 204 EPISTULARUM

127 287 558 330 Smatrimonialibus
592 286 680 327 illic
713 286 877 328 inserta.
909 285 1181 327 documentis
1222 283 1394 325 mimica
1430 285 1632 340 largitate
1672 285 1892 329 recitatur.
1962 290 2140 342 peracta
2180 285 2364 327 circum-

163 357 396 411 scriptione
440 356 633 410 legit-ima
677 360 720 397 et
762 355 913 397 fraude
961 355 1159 396 sollemni
1205 354 1323 395 levat
1362 353 1539 395 divitem
1588 354 1817 409 coniugem
1857 369 2023 411 pauper
2060 354 2284 396 adamatus
2323 358 2367 395 et

163 425 394 479 diligenter
425 438 534 479 quae
567 425 620 467 ad
654 438 846 466 socerum
878 425 1177 479 pertinuerant
1209 423 1373 463 rimatis
1408 423 1751 477 convasatisque,
1785 437 1871 464 non
1902 437 2034 480 parvo
2068 424 2199 465 etiam
2228 423 2365 464 corol-

163 493 269 534 lario
302 493 556 536 facilitatem
590 494 978 547 credulitatemque
1011 491 1333 533 munificentiae
1366 491 1545 532 socralis
1587 505 1825 546 emungens
1865 493 2062 548 receptui
2101 492 2144 532 in
2182 491 2366 547 patriam

164 563 321 604 cecinit
352 564 658 619 praestigiator
691 563 892 603 invictus.
952 575 1033 616 quo
1065 561 1260 616 profecto
1291 563 1431 601 mater
1458 559 1632 614 puellae
1655 574 1731 615 pro
1753 560 2045 615 hyperbolicis
2068 560 2367 601 instrumentis
2421 569 2435 591 f»

162 632 306 687 coepit
339 632 555 673 actionem
588 632 923 688 repetundarum
956 631 1069 672 velle
1100 643 1343 686 proponere
1383 632 1427 670 et
1458 632 1561 670 tunc
1593 629 1767 671 demum
1800 630 1853 672 de
1885 630 2202 686 mancipiorum
2236 643 2366 685 spon-

162 701 339 742 saliciae
371 700 614 742 donationis
647 701 865 756 paucitate
899 713 1109 751 maerere,
1143 697 1314 754 quando
1348 697 1433 738 iam
1466 696 1519 738 de
1551 701 1758 753 nepotum
1789 699 2101 740 numerositate
2132 698 2366 753 gaudebat.

162 769 215 810 ad
254 769 363 811 hane
404 770 659 826 placandam
700 773 848 810 noster
886 767 1154 823 Hippolytus
1195 770 1469 822 perrexerat,
1518 780 1614 807 cum
1662 767 1829 808 litteras
1877 782 1996 810 meas
2035 767 2155 823 prius
2196 767 2366 809 obtulit.

123 840 146 877 9
163 837 332 879 habetis
365 839 586 880 historiam
615 838 780 879 iuvenis
804 835 965 887 eximii,
998 835 1190 877 fabulam
1212 834 1410 876 Milesiae
1434 834 1503 876 vel
1525 834 1697 876 Atticae
1721 849 1885 890 parem.
1939 836 2065 877 simul
2090 840 2133 877 et
2154 835 2366 891 ignoscite

161 911 335 962 praeter
365 921 551 962 aequum
584 907 863 962 epistularem
897 904 1124 946 formulam
1156 903 1415 959 porrigenti.
1447 917 1576 958 quam
1608 903 1662 945 ob
1694 903 1776 945 hoc
1810 905 1908 946 stilo
1941 909 2136 946 morante
2168 904 2366 960 produxi,
2405 913 2438 937 10

160 980 207 1016 ut
242 990 328 1017 non
369 981 589 1030 tamquam
629 976 824 1030 ignotum
866 975 1120 1029 reciperetis
1168 987 1295 1029 quem
1337 973 1475 1014 civem
1512 972 1739 1014 beneficiis
1779 973 2042 1015 reddidistis.
2120 973 2284 1029 pariter
2325 977 2368 1015 et

161 1050 311 1085 natura
347 1049 639 1101 comparatum
673 1048 754 1088 est,
786 1048 834 1084 ut
866 1043 1021 1098 quibus
1054 1042 1343 1098 impendimus
1375 1042 1565 1083 studium
1598 1046 1872 1097 praestemus
1895 1043 2113 1084 affectum.
2163 1056 2241 1083 vos
2263 1056 2366 1084 vero

161 1112 442 1154 Eustachium
474 1113 724 1169 pontificem
756 1117 858 1154 tunc
892 1126 948 1154 ex
979 1126 1077 1153 asse
1110 1111 1241 1166 digno
1280 1110 1444 1153 herede
1477 1110 1725 1152 decessisse
1762 1112 2080 1165 monstrabitis,
2123 1111 2159 1152 si
2189 1116 2237 1153 ut
2268 1125 2369 1167 pro-

96 1185 144 1222 10
160 1182 330 1237 pinquis
362 1183 636 1225 testamenti.
671 1183 731 1224 sic
766 1181 996 1223 clientibus
1029 1180 1257 1236 patrocinii
1288 1181 1434 1235 legata
1467 1180 1662 1221 solvatis.
1725 1193 1826 1221 ecce
1858 1181 1982 1236 parui
2015 1185 2059 1222 et
2095 1180 2367 1222 oboedientis

161 1250 349 1292 officium
392 1252 644 1306 garrulitate
685 1250 919 1307 complevi.
963 1249 1067 1291 licet
1100 1249 1169 1304 qui
1209 1248 1382 1290 indocto
1422 1249 1645 1303 negotium
1686 1248 1950 1304 prolixitatis
1991 1249 2194 1303 inmugit,
2235 1263 2367 1305 aegre
2406 1259 2437 1282 1⁵

159 1320 273 1361 ferre
316 1333 401 1360 non
439 1319 615 1364 debeat.
663 1321 698 1362 si
743 1334 829 1361 non
868 1324 956 1363 tam
998 1319 1254 1373 eloquentes
1294 1318 1504 1373 epistulas
1544 1318 1699 1374 recipit
1740 1331 1868 1372 quam
1911 1320 2132 1374 loquaces,
2202 1333 2370 1360 memor

158 1389 291 1429 nostri
325 1403 423 1430 esse
455 1389 649 1445 dignare,
682 1390 856 1432 domine
888 1402 1014 1444 papa.

1226 1616 1309 1660 III.

537 1720 818 1762 SIDONIUS
850 1720 1089 1762 DOMINO
1121 1719 1317 1761 PAPAE
1349 1718 1669 1760 MEGETHIO
1705 1719 2000 1761 SALUTEM.

126 1825 139 1862 1
305 1808 407 1870 Dic
445 1830 714 1885 multumque
762 1830 1027 1883 deliberavi,
1072 1843 1332 1885 quamquam
1377 1829 1483 1870 mihi
1526 1830 1695 1871 animus
1735 1831 1895 1872 affectu
1930 1829 2158 1885 studioque
2190 1829 2370 1885 parendi

162 1897 482 1940 sollicitaretur.
517 1914 570 1940 an
604 1899 882 1953 destinarem,
919 1900 1044 1941 sicuti
1078 1900 1281 1955 iniungis,
1315 1899 1747 1951 contestatiunculas,
1780 1914 1885 1954 quas
1917 1900 2012 1956 ipse
2036 1898 2207 1942 dictavi.
2267 1898 2371 1940 vicit
2407 1907 2441 1932 20

161 1965 213 2007 ad
244 1967 442 2008 ultimum
477 1968 714 2014 sententia.
756 1983 865 2024 quae
899 1969 978 2010 tibi
1023 1968 1354 2024 obsequendum
1397 1968 1647 2010 definiebat.
1709 1969 1841 2024 igitur
1878 1970 2015 2025 petita
2051 1968 2287 2010 transmisi:
2327 1971 2372 2010 et

163 2035 263 2090 quid
295 2036 423 2078 modo
456 2036 681 2079 dicemus?
727 2038 960 2093 grandisne
993 2038 1102 2080 haec
1136 2037 1445 2079 oboedientia?
1492 2042 1616 2094 puto,
1650 2038 1827 2094 grandis
1869 2042 1957 2086 est;
1996 2036 2200 2093 grandior
2229 2037 2369 2093 impu-

160 2104 308 2146 dentia
340 2111 500 2148 tamen.
561 2107 644 2148 hac
676 2108 790 2149 enim
823 2107 964 2148 fronte
997 2120 1226 2162 possemus
1257 2106 1508 2147 fluminibus
1541 2121 1698 2162 aquas⁷
1742 2107 1860 2148 silvis
1899 2107 2019 2161 ligna
2050 2105 2368 2157 transmittere;

162 2173 243 2215 hac
276 2172 424 2231 [enim]
455 2177 701 2218 temeritate
724 2177 911 2232 Apellen
934 2176 1152 2231 peniculo.
1187 2175 1307 2217 caelo
1330 2175 1530 2228 Phidian,
1561 2176 1721 2218 malleo
1745 2175 2005 2231 Polyclitum
2028 2189 2368 2217 muneraremur.

125 2241 288 2284 2dabis
323 2258 425 2299 ergo
458 2245 630 2286 veniam
663 2244 1028 2300 praesumptioni.
1072 2258 1187 2300 papa
1226 2248 1376 2285 sancte
1416 2243 1602 2286 facunde
1642 2244 1925 2295 venerabilis⁷
1965 2257 2077 2300 quae
2119 2243 2368 2285 doctissimo
2406 2252 2438 2277 2⁵·

161 2313 352 2354 examini
385 2317 459 2355 tuo
493 2315 681 2356 naturali
712 2315 968 2369 garrulitate
1001 2313 1259 2356 deblaterat.
1321 2313 1456 2355 habet
1488 2313 1757 2355 consuetudo
1790 2317 1936 2355 nostra
1967 2327 2043 2368 pro
2077 2313 2176 2365 ritu,
2207 2317 2256 2353 ut
2286 2312 2369 2355 etsi

161 2395 300 2437 pauca
333 2381 445 2426 edit.
478 2383 613 2424 multa
646 2384 912 2435 conscribat.
946 2383 1081 2425 veluti
1114 2387 1182 2425 est
1214 2383 1394 2425 canibus
1428 2383 1645 2435 innatum,
1679 2387 1745 2435 ut,
1780 2383 1863 2424 etsi
1894 2396 1980 2423 non
2012 2383 2191 2433 latrant,
2223 2385 2369 2423 tamen

165 2450 359 2492 hirriant.
423 2466 589 2493 memor
619 2453 755 2494 nostri
789 2466 885 2494 esse
918 2452 1110 2507 dignare.
1143 2452 1316 2494 domine
1348 2466 1475 2508 papa.

301 2646 318 2678 1
346 2648 479 2681 mimica
503 2656 640 2691 praeter
665 2662 702 2683 ca
726 2651 763 2683 in
787 2662 856 2682 ras.
883 2649 927 2681 M
933 2650 946 2669 ²
1086 2647 1107 2680 2
1132 2648 1295 2691 legittima
1322 2648 1359 2680 F
1448 2648 1627 2691 sollempni
1651 2648 1766 2690 MCF,
1790 2649 1934 2682 sollenni
1958 2648 1991 2680 P
2126 2647 2148 2681 3
2173 2658 2307 2681 socrum
2335 2647 2371 2689 Ο,

152 2726 239 2768 fort.
268 2734 351 2759 recte
433 2730 710 2771 conversatisque
731 2729 759 2762 C
893 2727 915 2761 4
939 2700 1240 2783 cni-idglitateinque
1259 2728 1302 2759 M
1311 2728 1320 2747 ¹
1403 2729 1565 2761 socrualis
1586 2728 1614 2761 Ο
1631 2738 1639 2753 ¹
1773 2727 1794 2760 5
1820 2730 2042 2772 praestigator
2059 2728 2163 2761 MCP
2229 2700 2283 2770 (Ξῦ
2302 2727 2365 2760 M2

162 2814 185 2848 p
206 2806 243 2837 F
338 2808 554 2850 hiperbolicis
580 2809 629 2850 M,
665 2809 869 2852 yperbolicis
895 2809 932 2841 F
1083 2808 1105 2841 8
1129 2809 1329 2852 hyppolitus
1354 2809 1404 2850 M,
1437 2809 1645 2852 hyppolytus
1673 2808 1740 2850 GP,
1769 2810 1907 2852 ipolitus
1932 2808 1970 2840 F
2067 2809 2220 2841 litteras*
2249 2806 2369 2851 (urnam

165 2886 223 2918 litt.
249 2898 336 2919 eras.
358 2887 419 2927 C‘-')
447 2889 475 2920 C
594 2891 717 2933 optulit
741 2890 778 2922 F
940 2888 961 2921 9
986 2890 1136 2923 fabulam
1162 2888 1311 2928 MCFP;
1347 2889 1483 2922 fabulae
1507 2888 1625 2921 malim
1742 2889 1894 2922 Milesiae
1920 2888 2074 2929 Savaro,
2109 2888 2234 2930 milicie
2259 2886 2370 2928 MOP,

162 2966 279 2999 militie
305 2967 342 2998 F
449 2968 648 3022 ignoscitote
671 2969 716 3001 ΣΙῘ
724 2970 733 2989 ¹
889 2969 932 3003 10
963 2969 1085 3013 eplarfi
1104 2970 1142 3002 F
1241 2932 1380 3002 forriilam
1407 2969 1455 3002 0¹
1612 2968 1652 3001 11
1686 2974 1850 3011 tanquam
1869 2968 1947 3001 MF
2093 2967 2137 3000 12
2161 2978 2241 3001 vero
2258 2965 2369 3007 MCP,

161 3017 183 3088 ἑ
209 3046 246 3077 F
395 3047 438 3081 13
463 3050 671 3082 eusthatium
697 3049 739 3080 M
889 3048 932 3082 14
957 3050 1128 3082 dientibus
1156 3049 1185 3082 Ο
1340 3047 1383 3081 15
1409 3049 1512 3081 officii
1539 3049 1568 3081 0
1669 3049 1848 3091 negocium
1877 3048 1906 3081 G
2063 3047 2105 3081 16
2129 3018 2281 3099 loquacis
2305 3046 2351 3078 M
2357 3046 2367 3065 ¹

165 3124 205 3157 17
232 3138 304 3159 esse
336 3128 475 3171 dignare
508 3130 641 3163 domine
679 3141 763 3173 papa
801 3142 864 3163 om.
892 3128 1032 3163 MC'FP
1216 3129 1258 3163 18
1282 3130 1373 3173 epist.
1401 3129 1473 3162 III
1497 3134 1599 3162 totam
1633 3140 1696 3161 om.
1722 3128 1794 3160 LT
1905 3128 2063 3161 Sidonius
2088 3128 2223 3161 domino
2247 3139 2311 3160 o‘m.
2335 3126 2373 3159 F

167 3206 328 3248 migethio
354 3208 432 3249 MC,
456 3209 641 3251 megethtio
659 3209 699 3249 P,
726 3210 865 3253 migerio
884 3209 921 3242 F
1010 3211 1153 3244 salutem
1179 3222 1242 3243 om.
1262 3210 1299 3242 F
1435 3208 1477 3242 19
1502 3221 1568 3252 que
1593 3221 1633 3242 ez·
1656 3209 1871 3251 multumque
1895 3219 1922 3242 s.
1949 3209 1970 3241 l.
1997 3208 2079 3241 add.
2106 3208 2162 3240 F2
2254 3180 2368 3250 {imqm

163 3286 244 3318 mihi
270 3286 317 3327 F,
357 3299 500 3330 quamq;
543 3290 645 3322 michi
679 3289 706 3321 C
847 3291 980 3323 animus
1013 3292 1136 3324 affectu
1168 3291 1307 3333 scripsi,
1345 3290 1457 3323 animo
1496 3291 1621 3323 affectu
1646 3288 1785 3322 MCFP
1974 3286 2020 3320 20
2051 3268 2314 3321 sollicitarentur
2338 3286 2370 3318 P

163 3366 493 3399 contextatiunculas
519 3367 556 3398 F
747 3367 792 3400 24
826 3370 915 3402 enim
947 3370 1069 3412 MFP,
1108 3371 1228 3403 seclusi
1235 3383 1246 3410 ;
1282 3371 1388 3413 igitur
1415 3370 1444 3402 Ο
1589 3370 1744 3413 appellen
1778 3367 1856 3401 MF
2003 3369 2152 3411 periculo
2180 3367 2222 3409 C,
2258 3367 2367 3410 pigui-

162 3445 239 3476 culo
264 3444 330 3477 FP
354 3451 382 3477 et
407 3446 491 3488 (igni
516 3446 551 3477 in
574 3458 645 3478 ras.
662 3446 742 3488 312)
769 3447 812 3478 Μ
925 3450 997 3482 celo
1023 3449 1090 3481 FP
1111 3455 1140 3483 et
1165 3461 1256 3483 corr.
1280 3455 1317 3482 ut
1339 3462 1370 3482 υ.
1395 3460 1435 3482 est:
1459 3450 1525 3483 telo
1539 3450 1617 3491 1112,
1641 3450 1708 3482 telo
1736 3449 1765 3481 C
1878 3448 1980 3481 fidian
1996 3447 2141 3489 MCFP,
2168 3449 2255 3491 fort.
2281 3451 2368 3480 recte

165 3527 351 3569 policlitum
377 3526 491 3568 JICJ'P,
523 3528 710 3570 pollicitum
736 3527 773 3559 F
884 3541 1140 3563 muneraremur
1166 3530 1351 3563 Bernemis
1375 3530 1515 3572 aliique,
1537 3501 1786 3574 1iieneraremur
1810 3528 1882 3569 111¹,
1906 3538 2146 3560 veneraremur
2173 3526 2245 3567 GP,
2275 3537 2367 3559 emu-

165 3606 311 3638 laremur
336 3606 373 3638 F
461 3607 502 3638 da
528 3607 621 3649 (ergo
647 3608 726 3649 om.)
751 3609 884 3640 veniam
911 3609 949 3641 F
1099 3609 1144 3642 25
1170 3611 1314 3643 fecunde
1343 3611 1371 3642 C
1516 3608 1561 3642 26
1586 3610 1784 3643 deblatterm
1813 3608 1876 3641 C'F
2021 3606 2067 3640 28
2090 3608 2243 3651 llyrriant
2268 3606 2371 3640 MCP

165 3687 268 3718 nostri
294 3699 366 3719 esse
392 3687 531 3729 dignare
556 3688 690 3720 domiue
715 3699 800 3732 papa
825 3700 887 3721 om.
914 3688 954 3730 P,
979 3700 1052 3722 esse
1077 3690 1215 3733 dignare
1242 3690 1375 3722 domine
1401 3701 1485 3733 papa
1510 3701 1573 3721 om.
1600 3688 1678 3729 MC,
1703 3688 1836 3721 domine
1862 3699 1947 3732 papa
1973 3699 2036 3720 om.
2064 3687 2102 3721 F
