2583 4011
163 160 244 202 380

334 268 574 312 SIDONII
602 267 1063 310 EPISTULARUM

302 350 382 372 cum
421 335 654 380 crystallinas
696 337 837 370 crusta-s
878 338 944 369 aut
987 334 1223 379 onychitinas

300 406 373 429 non
387 394 549 437 impacto
561 392 702 436 digitus
716 403 840 436 ungue
854 391 1069 436 perlabitur.
1084 391 1224 436 quippe

300 451 329 485 si
374 449 466 484 nihil
514 460 595 483 eum
637 449 781 483 rimosis
825 449 992 483 obicibus
1029 450 1221 492 exceptum

299 510 410 541 tenax
437 506 599 540 fmctura
624 508 836 540 remoretur.

167 564 211 598 IX
229 565 308 601 24:
334 563 443 597 venia
467 563 514 597 sit
540 563 651 597 dicto.
1047 598 1049 601 Α

165 621 211 654 IX
228 621 283 656 [4
298 631 344 663 sq.
365 634 371 654 :
399 620 491 655 bene
522 620 658 664 scripta
689 619 882 653 laudamus
915 646 921 652 .
941 646 947 651 .
968 646 974 652 .
994 645 1000 652 .
1033 618 1159 653 desine
1185 619 1223 652 in

301 679 486 722 posterum
505 679 629 711 nostra
647 676 832 710 declinare
850 675 999 713 iudicia.
1016 686 1111 719 quac
1129 675 1221 709 nihil

298 733 449 768 mordax
484 733 577 768 nihil
611 744 758 777 quoque
793 733 982 766 minantur
1015 731 1223 776 increpato-

300 791 406 825 rium.

165 847 209 881 [X
231 849 310 885 25:
337 848 365 882 si
393 847 579 881 distuleris
605 848 769 881 nostram
794 846 1029 880 sterilitatem
1056 846 1223 880 facundis

299 904 495 939 fecundare
521 903 727 947 colloquiis.

344 962 385 1003 cs.
413 961 462 995 IV
475 960 563 994 310.
590 960 719 995 V13.1.

267 1032 273 1051 :
300 1017 568 1062 aucupabimur
600 1016 784 1051 nundinas
815 1017 1046 1051 involantum
1169 1016 1224 1050 111-

300 1074 523 1118 choabisque
564 1076 652 1108 tunc
694 1074 829 1107 frustra
870 1074 1006 1108 moveri
1045 1073 1224 1117 spoliatus

300 1132 415 1166 furto.
449 1130 478 1164 si
509 1142 606 1165 nunc
636 1133 788 1175 rogatus
813 1141 886 1164 non
912 1130 1068 1165 moveris
1094 1129 1223 1164 officio.

163 1188 211 1223 lx
225 1189 278 1223 8.1
299 1201 305 1222 :
333 1188 510 1231 obsequia
535 1187 759 1222 combinans.
807 1187 846 1229 cf.
869 1187 915 1220 VI
931 1188 995 1226 9,1.

163 1246 209 1280 lx
226 1246 281 1280 552
300 1259 306 1279 :
333 1244 601 1279 Gabaoniticae
626 1243 826 1278 servitutis.

162 1303 210 1336 IX
225 1304 276 1337 9.1
299 1316 306 1336 ε
335 1302 501 1347 (longum
536 1304 657 1335 tacere
701 1329 707 1335 .
728 1329 735 1335 .
759 1328 790 1335 ..
833 1312 897 1335 nos
931 1329 938 1335 .
959 1328 966 1334 .
986 1329 993 1335 .
1026 1300 1225 1344 dequestus

300 1362 368 1397 eszl
407 1369 585 1403 cognosco
621 1359 764 1392 vestrae
797 1358 911 1403 partis
943 1358 1029 1392 hinc.
1061 1357 1223 1391 studium

300 1443 444 1451 .....
492 1415 590 1449 mitti
646 1414 822 1459 paginam
872 1415 1056 1459 copiosam
1105 1415 1224 1449 denuo

264 1544 271 1564 :
297 1530 463 1565 votivum
491 1556 524 1564 ..
544 1556 551 1563 .
579 1541 620 1563 ac
647 1531 894 1573 peroptatum.
942 1529 985 1571 cf.
1012 1529 1061 1562 IV
1075 1530 1141 1569 552.

163 1588 209 1622 IX
225 1590 280 1622 ,(1.2
298 1601 304 1621 z
332 1587 465 1622 adsunt
495 1589 580 1621 vota
602 1586 685 1624 (scil.
706 1586 914 1627 scribendi).
941 1597 1072 1620 causae
1090 1586 1224 1620 absunt

299 1671 517 1678 ..........
544 1643 606 1678 sed
630 1643 722 1677 bene
748 1646 812 1678 est.
839 1643 932 1677 bene
951 1646 1015 1683 est,
1044 1643 1132 1686 quia
1150 1671 1156 1677 .
1171 1670 1178 1676 .
1195 1671 1201 1678 .
1218 1670 1224 1677 .

297 1713 352 1735 res
386 1702 479 1735 forte
512 1700 703 1735 succurrit.
749 1702 790 1743 cf.
813 1701 895 1734 VIII
910 1702 1014 1741 ss,13:
1047 1700 1109 1734 sed
1144 1712 1225 1734 ecce

298 1758 384 1792 dum
417 1758 490 1792 iam
526 1757 723 1802 epistulam
751 1785 758 1792 .
808 1786 814 1791 .
850 1758 1020 1792 claudere
1046 1759 1223 1801 optarem.

299 1815 440 1850 <ubit-us
468 1843 473 1848 .
494 1841 502 1847 .
521 1842 528 1849 .
557 1816 721 1849 nuntius.

265 1886 270 1906 :
298 1872 360 1916 (1111
395 1872 554 1917 porrigit
584 1872 669 1915 (scil.
700 1872 978 1915 salutationem)
1006 1873 1126 1907 verbis
1151 1884 1225 1906 non

297 1929 527 1964 necessariis.
573 1941 594 1963 a
634 1929 763 1973 regula
805 1929 1022 1963 Sallustiani
1064 1929 1225 1964 tramitis

298 1986 463 2020 detortus
508 1985 712 2022 exorbitat.
755 1986 818 2029 qui
859 1985 1060 2020 Catilinam
1098 1987 1226 2031 culpat

298 2043 468 2077 habuisse
494 2043 585 2077 satis
605 2042 840 2086 eloquentiae
858 2043 1065 2087 sapientiae
1083 2055 1224 2087 parum.

266 2115 272 2134 :
299 2112 366 2135 ave
392 2100 491 2134 dicto
518 2111 601 2134 mox
629 2101 710 2134 vale
735 2100 902 2135 dicimus.

342 2158 381 2199 cs.
408 2168 436 2191 0.
465 2157 586 2191 XXIV
603 2158 656 2192 76.

162 2216 210 2250 IX
225 2216 279 2250 93
298 2229 304 2249 :
331 2215 471 2259 quippe
496 2225 568 2257 quo
595 2213 814 2258 providente
841 2240 847 2247 .
868 2242 873 2248 .
895 2241 902 2247 .

297 2272 534 2305 insalutatus.

164 2330 208 2363 IX
224 2330 279 2372 ΒΑ
298 2342 305 2362 ;
332 2329 541 2373 desperatio
567 2328 825 2372 consequendi.

265 2400 271 2420 :
298 2398 345 2420 an
376 2386 612 2430 supercilium
638 2387 829 2429 tamquam
855 2386 1018 2420 difficilis
1044 2398 1085 2421 ac
1112 2387 1223 2430 rigidi

298 2443 453 2488 plosoris
479 2442 768 2477 extimescebas?

342 2501 384 2543 cf.
403 2500 490 2534 VIII
505 2501 570 2540 92.

162 2558 210 2591 IX
225 2558 306 2592 95:
333 2569 379 2591 an
405 2557 494 2601 quia
518 2557 735 2591 indoctum?

164 2615 210 2649 [X
227 2616 306 2649 ac:
333 2615 440 2648 istius
466 2614 590 2648 mundi
618 2614 673 2648 bis
698 2615 923 2659 peregrinus.

266 2671 413 2705 :donec
451 2671 617 2715 gentium
657 2671 926 2706 concitatarum
964 2673 1125 2717 procella
1162 2673 1224 2707 de-

299 2730 479 2762 fremeret.
527 2729 571 2770 cf.
599 2728 752 2765 1V12.4.

165 2786 209 2819 lx
227 2786 282 2818 95⁴
302 2799 308 2819 :
335 2785 470 2819 nollem
496 2785 616 2820 adhuc
642 2786 795 2830 prodere
814 2787 901 2829 (scil.
920 2787 1126 2830 iudicium),
1151 2800 1223 2832 quo

298 2841 509 2876 diuturnius
542 2842 799 2886 expectatione
830 2843 1024 2887 penderes;
1059 2845 1141 2889 plus
1167 2856 1224 2878 me

299 2899 396 2933 enim
423 2899 627 2939 ulciscerer,
653 2899 681 2932 si
709 2900 806 2943 quod
833 2901 928 2935 sensi
955 2904 1124 2936 tacerem.

267 2969 274 2989 :
302 2958 341 2989 ut
368 2956 495 2989 lectori
522 2958 586 2989 tuo
613 2967 674 2990 seu
702 2957 899 2991 reluctanti
925 2969 988 2992 seu
1014 2959 1224 2993 voluntario

301 3012 354 3046 vis
398 3012 601 3056 voluptatis
643 3014 800 3048 excudat
842 3015 1026 3059 pras-conii
1071 3017 1223 3050 necessi-

299 3071 426 3103 tatem.

265 3140 272 3160 :
299 3126 388 3170 quid
416 3153 449 3160 ..
468 3153 475 3159 .
501 3128 539 3160 et
562 3127 736 3161 iniuriam
764 3129 861 3172 passi
887 3139 1109 3163 censeamus.

164 3183 210 3217 IX
226 3184 302 3223 9‚11
324 3197 330 3217 :
358 3183 583 3218 dictationis.

265 3254 272 3274 :
301 3252 382 3275 cum
409 3251 475 3274 nec
500 3240 657 3275 offensus
683 3241 793 3275 aliter
817 3241 949 3276 iudico.

163 3298 209 3331 IX
226 3298 329 3332 ale:
356 3298 469 3331 animi
512 3297 795 3341 litterarumque
835 3298 984 3332 dotibus
1022 3300 1223 3344 praeditus.

297 3355 337 3396 cf.
366 3354 482 3394 116‚1.

266 3424 272 3443 :
299 3411 490 3445 mulierem
517 3411 706 3456 pulchram
734 3411 795 3445 sed
822 3412 923 3445 illam
946 3414 1224 3449 deuteronomio

299 3467 528 3512 astipulante
571 3469 771 3503 nubentem
808 3497 849 3503 ..
874 3498 912 3505 ..
956 3471 1025 3504 tibi
1067 3471 1224 3515 iugasti:

298 3536 406 3567 quam
435 3552 442 3558 .
462 3551 468 3557 .
490 3552 497 3558 .
519 3525 618 3559 inter
636 3526 788 3560 hostiles
807 3527 1040 3571 conspicatus
1059 3531 1225 3563 catervas

354 3608 360 3614 .
381 3609 387 3615 .
413 3581 624 3616 adamatam
742 3583 916 3627 rapuisti,
952 3585 1223 3630 philosophiam

300 3637 459 3672 scilicet.
497 3649 592 3681 quae
627 3666 633 3672 .
660 3667 667 3672 .
693 3667 700 3673 .
731 3651 812 3674 raso
849 3641 985 3685 capillo
1019 3643 1225 3686 superfluae

928 2214 995 2248 sim
1021 2215 1096 2249 tuis
1121 2215 1225 2249 libris

1100 153 1209 189 LOCI
1234 152 1423 188 SIMILES

1340 346 1492 380 ungues.
1540 335 1629 368 Hor.
1646 337 1711 368 sat.
1729 334 1838 372 1532
1856 347 1863 369 :
1890 334 1935 368 ad
1962 345 2134 378 unguem.
2173 345 2256 378 (1.1).
2275 335 2353 369 294.

1347 392 1440 436 Vera.
1462 402 1575 436 neom.
1603 391 1728 425 11277.

1296 449 1415 484 Senec.
1442 459 1491 492 011.
1519 448 1667 488 114.15:
1695 447 1828 481 nolunt
1857 447 1936 481 sine
1968 447 2111 481 salebra
2142 457 2219 482 esse
2252 446 2354 481 iunc-

1340 509 1472 541 turam.

1297 564 1393 598 Ptin.
1412 563 1442 597 V
1457 563 1562 598 ‹3.4‹3:
1590 561 1698 595 venia
1723 561 1772 594 sit
1796 560 1906 595 dicto.

1297 620 1425 665 Sym-m.
1452 619 1584 659 1142:
1611 618 1681 652 tibi
1715 617 1870 652 videbar
1895 643 1901 650 .

1339 677 1402 720 qui
1428 675 1580 710 laudare
1605 674 1793 709 nescirem.

1987 644 1994 651 .
2029 619 2126 651 certe
2160 617 2355 661 malignus,

1298 847 1425 891 Syrum.
1452 846 1557 887 114‚1
1578 859 1586 880 ε
1611 857 1676 881 1100
1708 846 1859 888 mirum,
1895 846 1925 881 si
1958 845 2095 890 eloquii
2121 845 2237 880 nostri
2262 856 2356 880 vena

1340 905 1495 938 tenuata
1520 904 1585 943 est,
1612 914 1723 947 quam
1749 904 1886 938 dudum
1907 914 2027 948 neque
2044 903 2156 938 ullius
2174 903 2356 947 poematis

1340 961 1394 994 tui
1413 971 1533 1004 neque
1550 960 1776 1004 pedestrium
1793 961 2023 995 voluminum
2040 960 2200 995 lectione
2217 960 2356 995 iuvisti.

1296 1018 1425 1062 Symm.
1452 1017 1585 1058 114,5:
1611 1028 1763 1062 spargas
1796 1017 1884 1052 licet
1912 1017 2103 1052 volumina
2138 1018 2202 1051 tua
2230 1019 2267 1051 et
2299 1028 2356 1052 me

1340 1085 1482 1119 semper
1517 1074 1694 1119 excipias,
1727 1074 1889 1110 fruemur
1918 1077 2044 1109 tamen
2069 1080 2134 1109 tuo
2160 1085 2270 1119 opere
2294 1074 2357 1109 sed

1339 1133 1496 1167 aliorum
1521 1131 1767 1177 benignitate.

1295 1247 1399 1280 Iosue
1423 1246 1474 1280 IX
1487 1246 1542 1280 27.

1294 1303 1422 1348 Synna„
1448 1303 1585 1345 114,1:
1611 1302 1707 1347 petis
1740 1314 1763 1337 a
1793 1314 1851 1337 me
1886 1303 2029 1337 litteras
2059 1302 2254 1347 longiores.
2303 1303 2359 1336 est

1340 1361 1408 1394 hoc
1434 1360 1472 1394 in
1498 1371 1563 1394 nos
1588 1360 1665 1395 veri
1690 1360 1824 1395 amoris
1849 1360 2038 1395 indicium.

1297 1587 1422 1622 Front.
1447 1590 1551 1630 313:
1577 1588 1660 1623 volo
1692 1588 1738 1622 ad
1772 1590 1809 1622 te
1834 1588 1943 1633 plura
1968 1588 2141 1629 scribere,
2176 1589 2238 1624 sed
2263 1589 2360 1624 nihil

1343 1646 1519 1690 suppetit.
1569 1646 1660 1681 Ecce
1685 1645 1783 1690 quod
1809 1645 1849 1679 in
1873 1645 2036 1680 animum
2062 1646 2175 1680 venit.

1297 1931 1404 1965 *Sam
1421 1930 1495 1965 Cat.
1510 1931 1542 1965 V
1555 1931 1598 1964 4:
1617 1930 1707 1964 satis
1726 1931 1972 1974 eloquentiae,
1994 1932 2200 1976 sapientiae
2218 1943 2359 1976 parum.

1341 1988 1383 2030 cf.
1413 1987 1541 2022 From.
1569 1987 1702 2028 10724.
1730 1988 1839 2028 115,8.
1868 1989 2000 2029 155,st

1296 2102 1434 2137 Auson.
1453 2102 1493 2135 Ε
1515 2101 1599 2136 XVI
1614 2102 1741 2144 2105:
1768 2102 1936 2147 haveque
1961 2102 2061 2138 dicto
2086 2103 2145 2138 dic
2169 2104 2263 2139 vale.

1294 2216 1422 2261 Symm.
1439 2217 1456 2251 I
1471 2217 1548 2258 142
1567 2229 1574 2251 :
1599 2227 1663 2251 cur
1679 2227 1737 2251 me
1754 2216 1861 2251 istius
1878 2217 2008 2259 libelli,
2027 2229 2173 2262 quaeso,
2195 2220 2357 2254 exortem

1340 2284 1416 2308 esse
1441 2273 1620 2308 voluisti?

1294 2331 1422 2376 Symm.
1448 2331 1601 2366 V1151:
1627 2331 1836 2375 desperatio
1862 2332 2058 2376 aequandi.

1296 2389 1425 2433 Symm.
1452 2389 1467 2422 Ι
1490 2389 1598 2431 14,2;
1631 2390 1697 2422 aut
1733 2390 1830 2423 certe
1866 2389 2069 2434 malignus,
2107 2391 2171 2435 qui
2205 2391 2357 2426 laudare

1339 2446 1527 2481 nescirem.
1567 2445 1609 2488 cf.
1631 2445 1742 2480 Mart.
1760 2446 1880 2489 X12,1
1899 2457 1968 2489 sq.:
1996 2447 2101 2481 triste
2119 2449 2357 2493 supercilium

1339 2503 1495 2547 durique
1521 2513 1646 2537 severa
1671 2502 1822 2537 Catonis
1846 2504 1955 2538 frons.

1296 2560 1425 2605 Syram.
1452 2560 1584 2601 1142:
1611 2561 1677 2594 aut
1703 2557 1946 2606 ἀμουσότερος
1970 2562 2040 2596 tibi
2068 2562 2231 2598 videbar.

1299 2618 1330 2651 T
1328 2618 1441 2651 ertull.
1457 2617 1497 2651 cle
1516 2627 1631 2651 coron.
1649 2618 1719 2652 mil.
1748 2618 1789 2651 13
1808 2631 1815 2652 ε
1841 2619 2058 2662 peregrinus
2084 2620 2211 2654 mundi
2237 2621 2355 2656 huius.

1296 2674 1394 2710 Plin.
1420 2674 1470 2709 IX
1486 2674 1588 2715 13,4:
1615 2685 1696 2708 cum
1726 2674 1800 2708 iam
1827 2675 1917 2709 satis
1942 2676 2082 2720 primus
2106 2677 2170 2711 ille
2196 2677 2356 2722 impetus

1340 2731 1606 2766 defremuisset.
2340 2774 2343 2777 Ι

1296 2790 1425 2834 Symm.
1452 2789 1586 2830 1143:
1611 2788 1722 2822 velim
1748 2789 1887 2831 tacere,
1921 2790 2010 2834 quid
2037 2791 2211 2832 sentiam,
2245 2791 2355 2825 velim

1339 2847 1437 2881 iusto
1462 2847 1507 2881 de
1531 2848 1569 2881 te
1593 2846 1744 2881 silentio
1769 2846 1961 2882 vindicari.

1296 2959 1392 2992 Ph'n.
1421 2960 1552 3004 Pcmey.
1579 2961 1648 2995 73:
1674 2961 1793 2995 multa
1818 2961 1969 2996 fecimus
1995 2963 2142 3006 sponte,
2171 2962 2277 3007 plura
2301 2962 2356 2996 in-

1339 3016 1477 3051 stinctu
1503 3017 1662 3061 quodam
1682 3019 1719 3052 ct
1736 3018 1901 3062 imperio.
1942 3019 2037 3052 Nam
2054 3019 2192 3063 gaudio
2210 3030 2356 3062 quoque

1339 3074 1495 3118 cogendi
1521 3074 1576 3108 vis
1601 3074 1708 3109 inest.

1292 3130 1420 3175 Symm
1446 3131 1580 3171 114,5:
1607 3134 1644 3166 te
1669 3132 1846 3166 miramur
1871 3132 2009 3166 offensi.

1295 3187 1425 3232 Syrum.
1452 3188 1563 3223 VI4:
1589 3189 1793 3223 dictatione
1818 3190 2028 3233 properata.

1292 3243 1419 3288 Symm.
1447 3245 1580 3286 1145:
1605 3247 1643 3280 te
1667 3246 1845 3280 miramur
1869 3245 2009 3280 ostensi.

1292 3301 1419 3346 Symm.
1436 3302 1504 3336 VII
1518 3303 1539 3336 9
1553 3316 1560 3337 ;
1579 3303 1787 3337 litterarum
1803 3303 1889 3338 dote
1902 3303 2072 3338 ditescas,
2106 3303 2202 3338 Pla'n.
2219 3302 2354 3344 1113‚4:

1339 3360 1495 3393 naturae
1521 3387 1528 3393 .
1548 3387 1555 3394 .
1575 3387 1581 3394 .
1607 3360 1767 3395 dotibus

1293 3415 1434 3449 Denter.
1460 3416 1545 3450 XXI
1560 3417 1600 3450 11
1619 3427 1715 3460 sqq.:
1743 3418 1781 3451 et
1813 3417 1949 3451 videris
1982 3417 2019 3451 in
2051 3429 2202 3453 numero
2238 3418 2355 3463 capti-

1340 3483 1467 3506 vorum
1499 3473 1691 3507 mulierem
1725 3473 1915 3521 pulchram
1951 3475 1988 3508 et
2019 3475 2248 3510 adamaveris
2274 3486 2352 3509 eam

1341 3529 1572 3574 voluerisque
1597 3530 1732 3564 habere
1756 3541 1918 3566 uxorem.
1963 3531 2177 3566 Introduces
2203 3543 2282 3566 eam
2316 3532 2355 3566 in

1339 3586 1487 3620 domum
1513 3588 1638 3621 tuam:
1664 3598 1759 3631 quae
1784 3587 1890 3621 radet
1916 3589 2114 3623 caesariem
2139 3590 2176 3623 et
2202 3588 2353 3623 circum-

1339 3643 1436 3677 cidet
1461 3655 1613 3688 ungues.
1662 3643 1708 3678 Et
1731 3644 1893 3688 deponet
1918 3647 2069 3686 vestem,
2094 3646 2133 3679 in
2154 3657 2228 3690 qua
2244 3648 2354 3691 capta
