2583 4011
975 199 1073 233 xvn
1101 205 1119 238 ,s-
1144 202 1187 233 ;;.·;
1215 219 1253 223 -
1284 200 1398 234 xrm
1428 205 1446 238 s
1475 202 1525 234 ιῖ.
2266 206 2347 245 259

298 313 544 356 Anathema
584 330 685 369 ergo
727 316 786 356 illi
825 316 895 370 qui
934 316 1042 355 inter
1082 315 1268 368 reliquas
1303 315 1464 370 Pelagii
1503 317 1748 370 impietates
1795 318 2006 357 hominem
2042 319 2131 357 sine
2167 326 2344 373 peccato
2389 322 2411 358 ἴ)

164 383 280 423 nasci
313 389 355 424 et
386 397 462 438 per
493 383 630 423 solum
664 384 853 425 laborem
890 398 1012 438 posse
1046 382 1204 422 salvari
1237 382 1479 424 damnanda
1513 385 1862 439 praesumptione
1898 386 2166 426 ‹·onten‹lerit
2201 395 2241 427 et
2274 387 2344 442 qui

163 466 260 493 eum
295 452 386 493 sine
418 452 559 506 gratia
590 452 659 493 dei
694 453 866 493 liberari
901 466 1029 508 posse
1062 450 1306 492 crediderit.

297 519 407 561 Item
440 521 670 561 anathema
702 521 760 562 illi
803 521 872 576 qui
914 520 1128 561 hominem
1170 535 1265 561 vum
1308 521 1420 561 fideli
1465 522 1738 561 confessione
1782 523 2045 563 sollemniter
2085 524 2345 578 baptizatum
2391 528 2415 561 s»

108 598 122 620 ὃ
162 593 204 629 et
235 595 499 630 asserentem
534 590 789 630 catholicam
823 590 949 630 tidem
984 597 1026 630 et
1058 590 1330 645 postmodum
1366 605 1442 645 per
1474 590 1641 630 diversa
1683 590 1825 630 mundi
1869 591 1991 630 liuius
2031 592 2345 632 oblectamenta

93 943 124 965 10

90 2330 123 2353 30

91 2675 122 2699 35

163 663 205 699 et
236 663 548 712 temptamenta
579 659 823 714 prolapsum
860 659 899 699 in
934 658 1071 699 Adam
1106 666 1148 700 et
1181 659 1389 712 originale
1424 669 1647 714 pta-vatum
1684 660 1846 714 perisse
1881 662 2126 701 asseruerit.

300 727 406 768 ltem
441 727 673 768 anathema
705 727 764 767 illi
799 728 869 781 qui
903 742 979 782 per
1011 727 1080 768 dei
1104 728 1438 782 praescientiam
1463 727 1677 768 hominem
1703 727 1882 783 deprimi
1908 729 1946 769 in
1974 738 2151 770 mortem
2177 730 2346 770 dixerit.
2395 733 2414 769 7

298 795 405 837 Item
451 796 684 838 anatliema
730 797 788 836 illi
837 797 906 851 qui
956 796 1134 838 dixerit.
1193 797 1311 837 illum
1367 798 1437 852 qui
1495 798 1618 852 periit
1673 811 1752 837 non
1803 799 2045 853 accepisse.
2104 807 2146 838 ut
2203 800 2347 839 salvus
2393 805 2416 839 Β

162 879 258 906 csse
291 869 452 920 posset.

298 934 407 975 Item
440 934 670 975 anathema
704 935 762 974 illi
797 935 865 989 qui
900 934 1078 979 dixerit,
1121 934 1233 988 quod
1269 947 1342 974 vas
1381 935 1418 974 in
1462 936 1761 975 ‹·‹›nru1n‹=lia=n
1806 950 1886 975 non
1932 936 2064 990 possit
2106 951 2346 989 assurgere.
2393 942 2416 975 11

163 1007 208 1043 ut
241 1003 295 1043 sit
329 1017 402 1044 vas
436 1003 477 1043 in
511 1003 728 1045 honorem.

297 1072 406 1113 [tem
439 1073 668 1114 anathema
701 1073 761 1114 illi
795 1073 863 1127 qui
904 1072 1081 1113 dixerit.
1123 1071 1235 1127 quod
1269 1072 1464 1113 Christus
1497 1087 1578 1113 non
1613 1088 1687 1128 pro
1722 1073 1922 1114 omnibus
1957 1081 2150 1114 mortuus
2185 1074 2237 1113 sit
2272 1088 2347 1114 ne«¹
2371 1078 2417 1113 lo

161 1154 310 1182 omnes
343 1141 540 1183 homines
573 1143 715 1183 salvos
749 1158 846 1183 esse
880 1142 1000 1184 velit.

299 1210 404 1251 Cmn
439 1217 582 1252 autem
621 1210 673 1252 ad
714 1225 791 1251 nos
838 1211 879 1251 in
913 1210 1070 1250 Clu-isti
1115 1210 1285 1250 nomine
1332 1211 1498 1251 veneris
1545 1216 1617 1251 aut
1662 1226 1754 1251 eum
1790 1227 1814 1251 a
1845 1213 2004 1252 sanetis
2051 1211 2409 1252 sacerdotilmsll

115 1296 121 1309 ·
159 1286 364 1321 evocatus
396 1280 542 1325 fueris,
575 1284 675 1321 tunc
709 1287 963 1336 opportuna.
997 1280 1031 1320 si
1065 1278 1262 1319 dominus
1296 1279 1485 1322 iusserit.
1522 1280 1625 1320 locis
1660 1281 1748 1321 suis
1783 1281 2031 1322 testimonia
2064 1282 2346 1336 proferemus.

159 1349 313 1404 quibus
367 1356 410 1391 et
465 1364 573 1405 quae
636 1350 850 1391 catholica
914 1354 1012 1389 sunt
1078 1348 1407 1389 manifestentur
1466 1356 1507 1389 et
1565 1364 1675 1404 quae
1732 1349 1950 1390 vatholieis
2007 1350 2219 1390 contraria
2273 1349 2346 1389 de-

159 1423 389 1461 struantur.
451 1434 526 1460 nos
568 1426 711 1461 autem
751 1433 828 1474 per
860 1417 1228 1459 inluminationem
1262 1416 1419 1458 Christi
1453 1420 1665 1459 veraciter
1708 1426 1750 1460 ct
1793 1419 2057 1460 confidenter
2095 1419 2343 1460 asserimus.
2368 1421 2415 1458 12

158 1493 201 1530 et
233 1503 330 1530 eum
364 1489 435 1543 qui
466 1490 593 1544 periit
625 1504 702 1545 per
736 1490 906 1544 culpam
940 1489 1105 1532 salvum
1139 1502 1234 1529 esse
1268 1488 1460 1544 potuisse
1494 1492 1570 1544 per
1602 1489 1798 1543 gratiam,
1831 1489 1863 1528 si
1897 1489 2063 1542 gratiae
2098 1488 2176 1543 ipsi
2200 1488 2346 1528 famuli

159 1557 318 1599 laboris
352 1558 672 1600 oboedientiam
706 1573 789 1599 non
823 1563 1041 1613 negasset,
1075 1563 1118 1599 et
1151 1572 1248 1599 eum
1281 1558 1350 1612 qui
1385 1573 1462 1613 per
1493 1558 1678 1611 gratiam
1711 1557 1763 1598 ad
1798 1557 1937 1598 bonae
1962 1558 2348 1598 consummationis

158 1631 309 1674 metas,
344 1627 520 1669 servitio
545 1628 826 1683 obsequente(
860 1627 1067 1682 pervenit,
1099 1627 1255 1668 cadere
1281 1642 1358 1682 per
1380 1626 1591 1668 desidiam
1616 1632 1658 1668 et
1681 1628 1820 1682 perire
1847 1627 2039 1682 potuisse
2065 1641 2139 1682 per
2164 1627 2347 1682 eulpam.

158 1709 235 1736 nos
268 1710 370 1751 ergo
405 1711 481 1752 per
512 1697 699 1738 medium
735 1696 907 1738 Christo
942 1695 1050 1738 duce
1083 1695 1350 1751 gradientes,
1392 1701 1490 1752 post
1533 1698 1737 1751 gratiam,
1779 1697 1870 1738 sine
1916 1711 2000 1751 qua
2042 1696 2145 1737 nihil
2190 1710 2350 1736 sumus.
2374 1699 2420 1736 125

156 1764 349 1806 laborem
383 1765 600 1807 officiosae
632 1766 850 1807 servitutis
884 1766 1134 1810 asserimus,
1168 1765 1246 1807 sed
1279 1766 1392 1807 omni
1428 1765 1552 1806 modo
1576 1766 1866 1821 arrogantiam
1891 1771 1933 1807 et
1956 1766 2351 1820 praesumptionem

156 1833 316 1874 laboris
347 1834 630 1885 excludimus,
664 1840 710 1876 ut
741 1836 842 1876 totis
874 1834 1035 1876 viribus
1068 1834 1344 1885 desudantes,
1378 1849 1431 1876 ne
1464 1835 1604 1889 gratia
1636 1835 1678 1876 in
1711 1835 1834 1876 nobis
1869 1839 2116 1886 evacuetur,
2149 1834 2352 1889 quicquid

156 1903 209 1944 de
232 1918 359 1944 manu
382 1903 542 1945 domini
565 1905 896 1960 susceperimus9
928 1904 1086 1945 donum
1108 1904 1434 1959 pronuntiemus
1459 1919 1553 1946 esse
1578 1918 1661 1945 non
1683 1905 1938 1959 praemium,
1964 1905 2165 1953 seientes,
2190 1903 2351 1943 laboris

87 1981 102 2005 ‘-'
157 1972 292 2027 ipsius
325 1973 509 2014 fructum
543 1973 673 2014 officii
709 1988 797 2015 rem
832 1988 927 2015 esse
961 1987 1041 2014 non
1076 1973 1229 2024 meriti,
1264 1988 1360 2013 cum
1394 1973 1665 2027 evangelista
1696 1973 1912 2014 dicentes:
1948 1974 2088 2014 servi
2125 1973 2351 2013 inutiles

158 2056 357 2092 5011105,
391 2043 523 2098 quod
556 2043 830 2084 debuimus
864 2044 1037 2084 facere
1070 2043 1309 2084 fecimus.
1364 2042 1471 2083 haee
1505 2057 1614 2097 quae
1649 2043 1826 2083 strictim
1862 2057 1936 2098 pro
1971 2042 2182 2097 epistulae
2208 2041 2349 2082 brevi-
2374 2043 2418 2081 111

158 2115 246 2153 tate
279 2116 515 2153 memorata
548 2117 646 2153 sunt
679 2117 753 2153 aut
785 2112 980 2168 recipcre
1013 2127 1059 2153 50
1093 2116 1167 2153 aut
1198 2125 1403 2167 respuere
1437 2112 1698 2153 unanimitas
1732 2118 1819 2163 tua,
1854 2117 2103 2153 recurrente
2138 2125 2349 2158 sermone„

160 2181 437 2237 respondeat.
509 2187 701 2224 ceterum
748 2183 819 2237 qui
865 2183 975 2223 hanc
1018 2182 1213 2223 veritatis
1263 2195 1532 2227 mensuram,
1582 2181 1720 2236 gratia
1768 2181 2059 2236 praecedente
2108 2185 2150 2222 et
2193 2185 2349 2221 conatu

159 2256 435 2306 assurgente,
478 2266 563 2293 non
605 2252 813 2307 sequitur„
858 2251 1012 2306 dignus
1057 2251 1139 2292 erit
1181 2251 1251 2306 qui
1291 2266 1315 2292 a
1357 2251 1490 2292 sacris
1532 2251 1751 2292 liminibus
1796 2255 2008 2292 arceatur.
2081 2265 2160 2305 ego
2206 2252 2420 2291 tamenl5

160 2320 422 2362 individuam
461 2321 564 2362 mihi
605 2321 844 2362 bonitatem
887 2326 1005 2362 tuam
1050 2325 1140 2361 toto
1182 2321 1376 2362 sincerae
1419 2320 1702 2375 benignitatis
1736 2320 1940 2375 amplexu
1973 2320 2015 2360 in
2048 2320 2116 2360 via
2148 2320 2351 2363 retinens.

159 2390 272 2431 intra
303 2391 452 2432 matris
487 2391 697 2432 ecclcsiae
730 2391 940 2445 gremium
972 2404 1242 2445 permanere,
1277 2388 1502 2443 repudiato
1536 2389 1616 2429 hoc
1650 2403 1809 2439 errore,
1844 2388 2057 2430 desidero.
2110 2389 2180 2443 qui
2205 2389 2237 2429 si
2267 2389 2350 2429 cito

160 2464 402 2515 respuatur,
448 2460 690 2515 ignorantia
734 2460 868 2501 fuisse
911 2458 1146 2506 videbitur;
1195 2458 1467 2513 blasphemia
1510 2472 1610 2499 vero
1660 2457 1945 2513 reputabitur.
1994 2458 2026 2498 si
2072 2458 2353 2513 pertinaciter

161 2528 431 2570 defendatur.
493 2543 670 2585 gravem
702 2542 886 2583 namque
919 2528 961 2569 in
994 2533 1217 2569 auctorem
1250 2532 1550 2582 retorquemus
1583 2527 1810 2579 invidiam,
1845 2527 1880 2567 si
1913 2527 2126 2579 dicamus,
2169 2527 2281 2581 quod
2315 2528 2421 2568 0116

158 2597 493 2652 possibilitatem
526 2597 820 2654 capessendae
845 2597 996 2638 salutis
1020 2597 1207 2638 noluerit
1229 2595 1331 2637 dare
1354 2595 1424 2650 qui
1447 2595 1587 2650 periit,
1623 2610 1718 2637 cum
1741 2596 1914 2637 minime
1938 2610 2098 2650 negare
2123 2596 2350 2651 possimus,

161 2666 271 2721 quod
303 2666 492 2708 mandati
523 2667 916 2723 praevaricatorem
948 2667 990 2707 in
1021 2665 1167 2707 iudicii
1200 2666 1265 2707 sui
1296 2665 1615 2706 examinatione
1648 2665 1888 2711 damnabit,
1929 2691 1982 2696 —-
2015 2666 2086 2721 qui
2119 2666 2231 2707 enim
2271 2680 2352 2707 non

161 2740 227 2776 est
260 2735 474 2777 obnoxius
505 2736 558 2778 de
591 2741 808 2792 suscepto,
841 2736 1005 2788 nescio,
1038 2734 1250 2791 quomodo
1284 2749 1384 2775 reus
1416 2735 1551 2790 possit
1583 2749 1679 2776 esse
1712 2734 1764 2776 de
1797 2734 1979 2790 perdito,
2005 2760 2059 2765 —
2090 2749 2139 2776 ac
2163 2735 2223 2777 sic
2246 2750 2346 2791 pec-

162 2809 308 2846 cantes
352 2805 395 2845 in
437 2805 585 2855 deum,
634 2806 754 2846 cuius
800 2806 841 2847 in
882 2805 1030 2862 primis
1073 2805 1286 2845 incautius
1333 2804 1597 2845 asseruimus
1645 2804 1849 2859 gratiam,
1896 2804 1939 2845 in
1986 2805 2213 2860 postremis
2260 2805 2351 2845 eius

163 2873 404 2915 videbimur
441 2873 694 2930 impugnare
736 2875 957 2916 iustitiam.
1019 2874 1148 2915 huius
1188 2878 1333 2915 autem
1376 2873 1588 2928 epistulae
1631 2873 1856 2929 exemplar
1898 2887 2067 2914 mecum
2107 2873 2269 2914 retineo
2309 2873 2350 2913 in
2375 2875 2421 2913 17

161 2947 378 2984 conventu
401 2948 647 2984 sanctorum
669 2943 926 2996 antistitum,
948 2944 982 2984 si
1005 2944 1066 2984 ita
1086 2956 1267 2985 necesse
1291 2942 1434 2994 fuerit,
1459 2942 1776 2997 proferendum.
1824 2957 1950 2998 quam
1974 2942 2009 2983 si
2032 2942 2351 2998 suscipiendam

298 3092 342 3128 25
368 3092 451 3127 Luc.
477 3092 592 3133 XVII,
619 3092 671 3126 10.

299 3173 317 3206 1
342 3175 400 3207 ille
428 3173 461 3207 G
525 3175 531 3181 '
553 3175 702 3218 pelagia
726 3188 796 3208 ras.
822 3176 831 3207 i
860 3173 893 3207 G
1030 3172 1052 3205 2
1083 3171 1219 3214 saluari]
1245 3183 1307 3204 om.
1328 3170 1361 3204 G
1499 3169 1521 3203 4
1545 3169 1607 3214 illi]
1634 3183 1696 3203 om.
1717 3169 1750 3204 G
1889 3171 1911 3204 5
1936 3172 2038 3205 huius
2065 3172 2153 3205 modi
2178 3171 2352 3204 Barouz'us

161 3231 182 3264 6
206 3237 240 3265 01
263 3231 518 3275 temptamenta]
538 3232 585 3274 Η,
609 3239 643 3266 et
667 3232 738 3276 (tep
765 3246 789 3265 s.
809 3234 830 3265 l.
850 3231 913 3273 G¹)
940 3236 1085 3264 tamenta
1106 3229 1150 3270 G,
1173 3241 1235 3262 om.
1255 3228 1430 3261 Barom'as
1581 3227 1599 3260 7
1626 3230 1830 3276 prescientia
1849 3227 1882 3261 G
1986 3230 2020 3261 in
2047 3235 2186 3261 mortem
2212 3230 2353 3272 deprimi

162 3290 332 3322 hominem
349 3289 524 3322 Baro‘nius
656 3288 677 3321 9
701 3288 827 3332 posset]
855 3290 888 3322 id
913 3295 964 3322 est
989 3290 1029 3321 de
1053 3288 1221 3331 baptizato
1246 3287 1302 3319 uel
1327 3287 1367 3318 de
1391 3286 1484 3319 illius
1508 3287 1626 3319 aetatis
1651 3298 1793 3329 pagano,
1819 3288 1878 3329 qui
1903 3288 2038 3320 credere
2062 3288 2172 3330 potuit
2195 3294 2228 3320 et
2245 3288 2353 3320 noluit

162 3346 243 3378 add.
261 3346 448 3388 Baro‘nins,
471 3359 534 3380 om.
557 3347 626 3380 GH
748 3346 792 3379 10
815 3344 922 3389 quod]
949 3358 1011 3379 om.
1035 3343 1068 3378 G
1144 3346 1179 3376 in
1204 3341 1454 3384 contumeliam]
1472 3343 1519 3384 Η,
1544 3344 1578 3375 111
1604 3345 1766 3376 contumil
1792 3344 1816 3386 (i
1841 3356 1865 3376 ε.
1887 3345 1908 3376 ἰ.
1929 3342 1999 3385 G²)
2025 3356 2045 3376 a
2063 3341 2106 3384 G,
2131 3345 2352 3377 contumeliae

161 3403 337 3437 Baronius
405 3410 518 3447 posset
537 3402 571 3437 G
687 3404 730 3437 13
746 3405 844 3438 uellit
860 3402 893 3437 G
1010 3402 1052 3435 14
1070 3414 1141 3436 mos
1157 3400 1210 3433 G¹
1332 3401 1373 3433 15
1391 3406 1578 3444 opportune
1591 3400 1766 3434 Baronius
1834 3403 2034 3445 proferimus
2051 3399 2083 3433 G
2202 3401 2242 3433 16
2260 3400 2350 3443 sunt]

161 3473 187 3494 ε.
206 3463 226 3494 Z.
248 3459 301 3494 G¹
373 3461 563 3506 catholicis]
589 3469 669 3496 sunt
693 3463 775 3495 add.
793 3462 969 3495 Barom'us
1038 3462 1261 3493 destruuntur
1281 3456 1314 3491 G
1439 3457 1478 3490 17
1506 3459 1693 3491 adserimur
1712 3456 1765 3491 G¹
1887 3458 1928 3491 18
1954 3460 2024 3501 ipse
2049 3459 2133 3490 coni.
2153 3457 2351 3498 Mommsen,

161 3519 268 3562 ipsius
282 3521 459 3553 famulatui
471 3520 647 3553 Barom'us
759 3519 804 3552 22
820 3518 1006 3563 officiosae]
1023 3520 1211 3552 laboriosae
1225 3517 1400 3550 Ray-onius
1508 3515 1552 3550 *24
1566 3518 1710 3561 pretium
1726 3517 1768 3549 H
1774 3518 1950 3550 Baronius
2057 3516 2101 3549 25
2115 3517 2350 3559 euangelistssa

162 3577 294 3610 dicente
311 3579 434 3620 *sei-ui,
458 3590 530 3610 ras·
547 3590 565 3611 e
583 3583 612 3611 et
628 3581 665 3611 s‘?
681 3576 715 3611 G
830 3577 874 3610 26
887 3578 1074 3611 abrem‘tate
1090 3574 1123 3609 G
1238 3574 1282 3607 ‘27
1296 3586 1452 3618 recepere
1467 3573 1501 3607 G
1616 3573 1659 3607 29
1676 3573 1706 3616 a]
1723 3587 1785 3607 om.
1801 3575 1839 3606 H
1907 3572 2030 3615 tamen]
2049 3579 2160 3606 autem
2176 3572 2351 3606 Bam-onius

161 3633 204 3667 31
230 3635 266 3667 in
291 3653 333 3657 -
357 3635 486 3678 gremio
502 3634 678 3667 Barom'us
769 3634 978 3679 permanere]
1004 3641 1037 3668 te
1062 3635 1173 3677 suppl.
1191 3633 1379 3666 Mommsen
1517 3631 1561 3664 32
1586 3634 1795 3675 ignorantiae
1812 3632 1987 3665 Baronius
2125 3630 2169 3663 33
2192 3643 2297 3673 graue
2317 3630 2350 3664 G

164 3688 208 3722 34
225 3689 336 3733 periit]
355 3691 384 3724 ei
403 3691 589 3733 dumtaxat,
607 3692 665 3734 qui
682 3703 802 3734 capere
818 3692 885 3724 iam
900 3692 1007 3735 possit
1025 3691 1154 3724 arbitrii
1170 3691 1358 3722 libertatem
1379 3688 1459 3720 add.
1478 3689 1665 3730 Bar-onius,
1684 3702 1746 3722 om.
1769 3689 1843 3722 GH
1951 3688 1995 3721 36
2010 3686 2102 3731 reus]
2121 3687 2150 3720 G
2166 3687 2351 3727 Baranam,

163 3758 227 3779 om.
245 3747 288 3778 H
374 3759 447 3780 esse
471 3748 577 3790 possit
599 3747 775 3781 Baroozius
867 3760 907 3781 ac
930 3749 959 3781 si
986 3746 1019 3780 G
1156 3746 1201 3779 38
1224 3747 1410 3779 uidiuimur
1433 3744 1467 3778 G

300 3823 470 3858 Summus.
2033 3822 2077 3856 37

2454 311 2495 354 (τ’
