2583 4011
1023 199 1160 233 mnan
1195 200 1236 233 Π.
1261 200 1282 233 4
1307 199 1366 241 ,εἳ
1393 220 1433 223 ἡ
1460 203 1480 229 s
1507 202 1570 240 ,ω
2347 205 2400 244 29

1251 358 1353 399 VH.

758 451 1044 493 SIDONIUS
1077 450 1363 492 EXPLICIO
1399 449 1512 490 Sl'O
1548 448 1843 493 SALUTEM.

335 530 461 604 Qum
494 551 659 593 iustitia
691 556 836 593 vestra
869 551 961 593 iure
994 550 1041 592 fit
1071 549 1344 591 universitati
1380 562 1458 603 per
1489 549 1694 603 conplura
1730 550 1832 590 recti
1875 551 2174 605 experimenta
2221 567 2399 594 venera·
2450 557 2461 594 1

190 621 317 673 bilis,
363 620 521 662 idcirco
563 621 756 676 singulas
795 634 988 676 quasque
1034 634 1245 676 personas
1287 618 1328 659 id
1371 619 1510 673 ipsum
1554 618 1845 672 efflagitantes
1893 619 1933 659 in
1981 634 2163 661 examen
2212 628 2401 663 vestrum

189 690 332 732 libens
365 694 408 732 et
439 689 591 732 avidus
625 690 796 737 emitto,
829 704 956 744 quam
991 690 1175 745 primum
1210 688 1406 729 ambiens
1440 702 1507 727 me
1541 686 1842 734 discussionis,
1876 688 1973 728 illos
2007 689 2237 730 simultatis
2271 705 2400 731 (mere

133 773 148 797 s,
189 758 347 807 laxari:
387 759 502 815 quod
534 759 709 801 demum
742 759 802 800 ita
834 763 1062 814 sequetur,
1104 759 1139 799 si
1178 772 1263 799 non
1297 772 1349 799 ex
1386 755 1524 797 solido
1568 756 1862 810 querimonias
1903 759 2088 812 partium
2131 758 2400 799 verecundus

186 842 343 870 censor
376 827 606 871 excludas:
639 841 901 884 quamquam
935 832 978 869 et
1010 828 1091 869 hoc
1125 829 1290 883 ipsum,
1335 825 1448 881 quod
1483 826 1650 881 copiam
1684 826 1746 866 tui
1780 826 2050 881 iurgantibus
2088 825 2262 867 difficile
2298 841 2398 868 con-

186 896 319 949 cedis,
353 897 558 939 indicium
591 897 645 939 sit
676 897 788 939 bene
822 897 1067 939 iudicaturi.
1131 897 1226 952 quis
1261 896 1376 938 enim
1410 909 1455 936 sc
1488 909 1573 936 non
1607 895 1772 937 ambiat
1804 895 2012 937 arbitrum
2047 897 2134 951 legi
2166 901 2239 937 aut
2262 897 2400 951 pretio

184 967 348 1024 aliquid
387 966 633 1008 indulturus
672 970 746 1008 aut
784 966 980 1021 gratiae?
1035 966 1165 1021 igitur
1208 966 1386 1022 ignosce
1427 967 1483 1008 ad
1531 972 1617 1008 tam
1662 970 1838 1008 sanetae
1882 965 2176 1007 eonscientiae
2225 979 2398 1020 praero-
2449 969 2472 1006 2

185 1037 376 1093 gativam
408 1037 565 1092 raptim
597 1036 920 1092 perniciterque
944 1037 1297 1091 properantibus.
1331 1036 1681 1092 quandoquidem
1717 1036 1976 1078 sententiam
2011 1040 2127 1076 tuam
2161 1049 2240 1076 nec
2264 1036 2402 1077 vietus

118 1118 149 1143 ιο
185 1110 232 1147 ut
264 1105 447 1147 stolidus
479 1109 656 1147 accusat
687 1119 768 1147 nec
800 1105 939 1146 victor
970 1109 1017 1146 ut
1049 1109 1230 1160 argutus
1265 1105 1441 1155 inridet.
1486 1106 1767 1160 veritatisque
1800 1109 2004 1159 respectu
2038 1103 2291 1159 dependunt
2324 1105 2400 1147 tibi

183 1175 345 1217 addicti
380 1175 695 1224 reverentiam,
731 1175 915 1229 gratiam
949 1175 1135 1218 liberati.
1200 1175 1384 1230 proinde
1418 1176 1600 1231 inpense
1635 1175 1841 1220 obsecro.
1883 1180 1929 1215 ut
1963 1175 2074 1215 inter
2106 1174 2329 1216 Alethium
2363 1179 2406 1217 et

183 1245 368 1287 Paulum
402 1259 511 1300 quae
544 1244 724 1286 veniunt
755 1244 796 1284 in
830 1243 1215 1300 disceptationem,
1257 1259 1357 1286 mox
1395 1250 1441 1285 ut
1472 1245 1687 1300 utrimque
1721 1244 1879 1285 fuerint
1912 1244 2130 1299 opposita,
2172 1243 2403 1299 discingas,

183 1328 385 1369 namque,
417 1314 461 1354 ni
492 1313 632 1365 fallor,
668 1328 799 1369 supra
827 1313 1140 1356 decemvirales
1174 1314 1536 1369 pontificalesque
1562 1314 1802 1356 sententias
1825 1312 2085 1368 aegritudini
2120 1313 2247 1354 huius
2268 1328 2402 1369 prope

184 1383 518 1426 interminabilis
551 1383 679 1438 iurgii
714 1383 806 1424 sola
836 1397 1004 1424 morum
1038 1388 1210 1425 tuorum
1245 1384 1533 1439 temperantia
1571 1383 1699 1424 solita
1731 1382 1947 1423 iudicandi
1978 1382 2233 1423 salubritate
2268 1382 2403 1423 medi-

116 1463 146 1487 15
184 1454 367 1496 cabitur.
431 1453 544 1496 vale.

1230 1579 1355 1621 VIII.

701 1668 987 1713 SIDONIUS
1020 1670 1410 1713 DESIDERATO
1446 1670 1560 1712 SUO
1595 1669 1893 1712 SALUTEM.

324 1749 649 1812 MAESTISSIMUS
681 1769 791 1811 haec
823 1769 904 1810 tibi
935 1770 1102 1813 nuntie.
1173 1770 1362 1812 decessit
1404 1769 1562 1811 nudius
1601 1769 1758 1811 tertius
1796 1782 1883 1810 non
1915 1768 2079 1823 absque
2111 1766 2277 1808 iustitio
2310 1779 2401 1806 ma-
2452 1767 2467 1804 1

181 1843 307 1880 trona
337 1838 582 1891 Filimtia,
625 1839 845 1895 morigera
877 1839 1069 1881 coniunx
1102 1839 1279 1881 domina
1312 1840 1526 1892 clemens,
1567 1839 1687 1881 utilis
1720 1842 1861 1880 mater
1892 1838 1966 1893 pia
2002 1837 2111 1889 filia,
2155 1836 2223 1878 cui
2255 1835 2406 1878 debuit

183 1908 299 1950 domi
332 1908 524 1964 forisque
556 1922 748 1964 persona
779 1909 919 1950 minor
952 1909 1225 1965 obsequium,
1257 1909 1396 1951 maior
1428 1909 1631 1961 officium,
1665 1908 1861 1964 aequalis
1885 1907 2104 1949 affectum.
2166 1905 2274 1946 haec
2307 1917 2401 1945 cum

111 1997 145 2022 20
182 1982 301 2020 esset
331 1978 462 2019 unica
503 1978 588 2019 iam
628 1977 701 2019 diu
741 1978 892 2019 matris
933 1978 1120 2020 amissae
1165 1978 1307 2033 (filia),
1352 1978 1479 2020 facile
1514 1977 1699 2020 diversis
1731 1976 2127 2018 blandimentorum
2167 1973 2402 2029 generibus

181 2048 405 2100 effecerat,
437 2061 491 2089 ne
523 2047 638 2103 patri
669 2047 810 2089 adhue
843 2047 992 2089 iuveni
1025 2047 1202 2089 suboles
1238 2061 1371 2089 sexus
1405 2047 1587 2090 alterius
1611 2046 1948 2088 desideraretur.
2010 2058 2123 2086 nune
2146 2048 2290 2085 autem
2323 2056 2402 2098 per

181 2117 326 2159 subita
359 2130 564 2173 suprema
593 2117 735 2158 virum
769 2116 1007 2167 caelibatu,
1040 2121 1210 2172 patrem
1243 2117 1430 2159 orbitate
1465 2115 1672 2158 confodit.
1734 2115 1800 2156 his
1833 2114 2022 2160 additur,
2066 2113 2180 2169 quod
2212 2112 2400 2168 quinque

118 2175 119 2178 Ἴ
179 2187 418 2229 liberorum
459 2200 618 2242 parens
651 2186 869 2228 inmaturo
903 2186 1024 2228 exitu
1072 2186 1262 2228 reddidit
1299 2187 1606 2228 infortunatam
1648 2184 1976 2227 fecunditatem.
2046 2183 2116 2239 qui
2158 2181 2326 2239 parvuli
2367 2181 2401 2220 si

181 2260 320 2298 matre
366 2256 531 2311 sospite
573 2255 871 2312 perdidissent
918 2256 1004 2297 iam
1052 2255 1125 2297 diu
1165 2256 1353 2298 debilem
1402 2260 1588 2311 patrem,
1639 2255 1780 2296 minus
1828 2255 1980 2311 pupilli
2031 2253 2400 2295 existimarentur.

110 2343 142 2368 25
180 2325 292 2367 hane
328 2329 498 2379 tamen,
549 2326 584 2367 si
626 2326 696 2382 qui
745 2325 860 2367 haud
896 2326 1117 2367 incassum
1155 2326 1295 2367 honor
1338 2325 1624 2367 cadaveribus
1666 2324 1951 2381 impenditur,
1999 2337 2084 2364 non
2121 2321 2398 2378 vispillonum
2445 2319 2470 2357 2

183 2394 664 2451 sandapilariorumque
704 2395 948 2436 ministeria
988 2395 1188 2436 ominosa
1226 2396 1520 2444 tumulavere;
1566 2393 1643 2436 sed
1682 2409 1776 2435 eum
1816 2393 2029 2435 libitinam
2070 2392 2208 2448 ipsam
2247 2390 2400 2431 flentes

180 2478 356 2517 omnes,
390 2466 565 2507 externi
597 2479 790 2521 quoque.
822 2463 1118 2520 prensitarent
1150 2469 1473 2507 remorarentur
1505 2463 1886 2511 exoscularentur,
1922 2461 2194 2503 sacerdotum
2227 2458 2401 2514 propin-

316 2615 335 2649 1
361 2616 580 2649 EXPLITIO
608 2612 670 2648 ΟΡ
739 2616 883 2649 salutem
909 2626 972 2648 om.
989 2615 1027 2647 F
1155 2614 1177 2648 2
1202 2616 1335 2649 iusticia
1355 2613 1422 2648 CF
1487 2615 1662 2658 complura
1676 2611 1850 2646 MTCFP
1976 2611 1997 2644 3
2022 2612 2143 2644 iccirco
2170 2609 2207 2642 F
2272 2608 2400 2652 afflagi-

464 2668 482 2686 a

175 2703 285 2747 rantes
310 2697 348 2729 F
459 2707 482 2740 q
507 2707 595 2729 corr.
629 2706 670 2728 esc
695 2667 734 2739 <js
765 2697 813 2729 T¹
977 2694 1000 2729 4
1028 2696 1210 2729 simultatis
1237 2695 1340 2739 (post.
1368 2696 1377 2727 i
1403 2695 1439 2727 z‘oz
1470 2706 1539 2727 ras.
1566 2693 1600 2726 P
1608 2694 1634 2736 ¹)
1659 2693 1706 2736 P,
1744 2693 1912 2727 simulatis
1946 2691 1977 2724 L
2140 2689 2162 2721 ἵ)
2186 2690 2343 2732 sequitur
2368 2687 2399 2720 L

179 2742 387 2812 {Rapinium
414 2775 463 2810 M
467 2778 480 2797 ²
586 2777 738 2830 ambigat
753 2776 805 2809 F¹
936 2783 997 2810 aut
1020 2778 1070 2810 bis
1094 2789 1183 2810 corr.
1209 2788 1249 2809 em
1281 2777 1348 2810 aud
1374 2773 1404 2808 C
1413 2776 1422 2795 ¹
1546 2776 1658 2819 precio
1686 2772 1794 2806 MOF
1977 2771 1999 2805 8
2023 2772 2273 2805 conscicnsciae
2299 2770 2401 2812 (post.

178 2869 194 2890 s
211 2869 300 2891 eras.
317 2855 379 2900 0²)
399 2855 430 2890 G
537 2855 558 2889 9
576 2859 757 2901 perniciter
769 2856 963 2902 tppantque
979 2858 1240 2902 properantibus
1260 2856 1292 2888 T
1357 2856 1564 2889 sentenciam
1583 2853 1613 2887 (Ἰ
1681 2866 1743 2888 nec
1769 2855 1917 2887 invictus
1932 2854 1980 2894 (in
1998 2853 2131 2885 imhzmit
2155 2851 2269 2893 rubr.)
2289 2849 2310 2883 ii
2334 2857 2398 2883 sto-

177 2939 267 2972 lidus
291 2904 315 2972 ii
339 2944 478 2972 accusat
503 2938 540 2970 F
655 2938 698 2971 10
722 2938 838 2971 irridet,
850 2936 1028 2970 MTOFP
1095 2937 1293 2980 dependunt
1316 2936 1377 2969 tibi
1403 2947 1465 2968 om.
1495 2935 1530 2967 F
1646 2934 1685 2966 11
1706 2940 1786 2977 post
1811 2934 1954 2977 gratiam
1981 2934 2040 2975 leq.
2069 2932 2281 2976 perpendunt
2307 2931 2341 2963 ιή
2358 2928 2395 2969 (J,

177 3020 239 3053 tibi
252 3020 520 3063 pdependebunt
534 3020 591 3057 (eb
605 3019 740 3052 inclzm‘it
754 3018 864 3059 rubr.)
881 3018 966 3051 inF
1032 3019 1184 3062 impense
1194 3016 1237 3048 M
1243 3015 1368 3049 TOFP
1459 3013 1502 3047 12
1517 3015 1799 3058 disceptacionem
1809 3012 1838 3045 (ἶ
1899 3014 2059 3056 utrinque
2077 3010 2124 3044 M
2142 3056 2147 3060 .
2190 3012 2354 3054 distingas
2372 3010 2403 3041 T

179 3099 223 3133 13
248 3112 385 3144 nanque
413 3098 462 3132 M
551 3099 830 3133 decimviralesL
924 3099 1114 3132 sentencias
1130 3095 1160 3129 C
1257 3096 1442 3140 egritudini
1468 3094 1588 3138 (prim.
1616 3095 1625 3127 i
1651 3095 1685 3127 in
1711 3106 1782 3128 ras.
1811 3092 1876 3137 0¹)
1905 3092 1934 3125 C
2074 3093 2117 3126 14
2142 3064 2399 3125 iiiterminabilis

175 3187 315 3224 praeter
340 3182 440 3215 abilis
464 3182 501 3214 in
525 3193 596 3214 ras.
627 3179 676 3213 M
690 3181 721 3223 ²,
762 3180 998 3213 inter-minabis
1024 3178 1055 3211 L
1196 3188 1329 3209 morum
1365 3176 1435 3208 sola
1467 3173 1497 3207 C
1635 3175 1861 3219 temperancia
1887 3172 1917 3206 (J
2102 3172 2143 3205 15
2175 3173 2250 3206 vale
2275 3183 2338 3205 om.
2366 3170 2403 3203 F

181 3260 223 3295 1ss
247 3262 572 3296 DESIDERANTO
598 3261 632 3294 P
783 3259 825 3293 17
857 3260 984 3294 nuncio
1013 3257 1062 3291 M
1149 3257 1281 3290 decedit
1307 3254 1336 3288 C
1432 3255 1557 3288 tercius
1584 3252 1650 3287 CF
1746 3255 1880 3287 iustieio
1908 3251 1973 3286 CF
2120 3251 2163 3285 18
2187 3253 2313 3285 coniux
2337 3250 2404 3284 LP

177 3343 295 3377 debuit
325 3343 617 3384 Wilamowitzius,
653 3342 809 3375 debuerit
837 3339 1044 3374 LMTOFP
1213 3336 1260 3371 20
1284 3337 1383 3370 matri
1407 3335 1452 3368 M
1456 3335 1580 3369 TOFP
1701 3336 1770 3368 filia
1795 3347 1858 3369 om.
1886 3333 2090 3368 LMTC'FP
2259 3331 2302 3365 21
2329 3342 2392 3365 nec

180 3422 214 3465 (c
238 3435 327 3457 eras.
355 3420 420 3465 0²)
449 3420 479 3455 C
600 3423 735 3456 iuvenis
767 3421 797 3465 (s
827 3433 915 3455 eras.
946 3419 1026 3463 M2)
1056 3419 1105 3453 M
1215 3419 1346 3452 subolis
1371 3417 1417 3459 L,
1455 3417 1588 3450 soboles
1621 3414 1746 3487 ΊΟΓέί)
1865 3419 2004 3452 alterius
2034 3425 2140 3490 sexus
2167 3414 2234 3446 ima
2266 3413 2339 3445 ord.
2375 3411 2405 3443 T-

178 3501 223 3535 23
247 3504 433 3538 liberorum
456 3503 489 3536 L
512 3509 543 3537 et
564 3515 590 3536 s.
616 3504 637 3536 l.
662 3503 745 3536 add.
764 3500 813 3535 M
819 3503 843 3545 ²,
868 3503 1015 3536 liberum
1030 3501 1075 3532 M
1078 3498 1202 3533 TCFP
1293 3499 1472 3530 immaturo
1492 3497 1536 3529 M
1629 3498 1737 3530 reddit
1769 3496 1877 3528 ’.Γ-ῬΙ
1982 3497 2144 3528 ἰηιιιειῐειῐῦ,
2176 3494 2211 3533 Τ,
2238 3492 2252 3525 l
2277 3494 2395 3525 ifortu-

180 3588 293 3617 natam
310 3595 336 3617 8.
351 3585 372 3618 Z.
389 3583 472 3617 add.
496 3583 545 3615 Τ2
663 3581 710 3616 24
734 3584 1010 3616 existimarentur
1036 3581 1072 3625 (x
1100 3593 1187 3615 corr.
1214 3591 1254 3612 επ
1279 3585 1309 3612 st
1324 3579 1360 3611 F
1367 3579 1393 3619 ²)
1409 3578 1446 3611 F
1567 3577 1612 3611 25
1636 3578 1712 3621 quis
1726 3577 1770 3610 M
1776 3576 1898 3610 TC'FP
1965 3574 2105 3609 hautF
2179 3573 2396 3617 vispillonum

181 3664 255 3705 (alt.
280 3665 292 3696 l
319 3676 407 3698 corr.
434 3665 471 3697 in
496 3663 592 3706 iF2)
608 3663 646 3696 F
780 3663 826 3696 26
851 3663 1243 3706 scandapilariorumque
1259 3659 1291 3692 P
1387 3659 1561 3691 lioniinosa
1585 3658 1619 3699 (li
1647 3669 1735 3690 eras.
1757 3656 1820 3698 (1¹²)
1847 3656 1949 3689 MGP
2044 3655 2234 3686 libithinam
2261 3650 2398 3684 MOPP

183 3743 226 3777 27
251 3745 538 3778 exoscularentur
564 3755 628 3776 om.
650 3744 681 3775 L
