2583 4011
215 136 266 174 2ss
1033 130 1213 165 SIDONII
1237 130 1579 165 EPISTULARUM

210 246 352 286 ficium
393 246 522 286 solvi.
569 245 628 286 sic
662 245 802 286 lacum
835 245 996 289 debeo.
1040 245 1151 300 quod
1196 249 1329 286 restat
1361 258 1563 300 agnosce.
1624 246 1744 286 lacus
1784 245 1827 286 in
1858 245 2021 287 Eurum
2066 245 2232 288 defluus
2276 252 2402 288 meat.

210 313 389 367 eiusque
427 313 600 355 harenis
645 313 925 355 fundamenta
973 314 1185 369 impressa
1227 313 1433 354 domicilii
1472 313 1611 354 ventis
1660 314 1923 355 motantibus
1969 319 2172 356 aestuans
2214 320 2404 356 umectat

208 381 380 423 alluvio.
443 382 479 422 is
512 381 685 436 quidem
718 396 821 423 sane
855 383 966 423 circa
1005 381 1217 437 principia
1255 381 1319 422 sui
1358 382 1449 422 solo
1496 382 1678 437 palustri
1710 382 1994 437 voraginosus
2033 387 2076 424 et
2113 383 2298 438 vestigio
2337 383 2402 423 in·

211 450 421 504 spectoris
455 450 696 491 inadibilis:
732 451 790 491 ita
822 451 910 490 limi
942 450 1078 490 bibuli
1111 449 1327 504 pinguedo
1352 450 1560 491 coalescit
1583 450 1874 491 ambientibus
1900 465 1997 492 sese
2020 451 2212 493 fontibus
2235 451 2403 506 algidis,

209 517 406 559 litoribus
440 519 616 573 algosis.
677 525 867 559 attamen
912 519 1057 573 pelagi
1090 517 1259 559 mobilis
1290 532 1468 574 campus
1492 518 1705 559 cumbulis
1733 519 1819 560 late
1845 524 2016 560 secatur
2035 520 2402 575 pei'vagabilibUS‚
2457 534 2472 556 5

210 586 244 626 si
284 586 419 628 flabra.
460 602 669 643 posuere:
718 588 753 628 si
798 587 923 628 turbo
966 587 1183 627 austrinus
1228 586 1459 633 insorduitq
1507 587 1692 628 immane
1733 588 1963 642 turgescit,
2011 588 2072 629 ita
2117 592 2165 628 ut
2206 588 2406 629 arborum

147 656 192 695 17
210 655 366 698 comis,
414 670 522 710 quae
567 656 748 710 margini
789 656 1012 704 insistunt,
1064 655 1336 710 superiectae
1379 655 1624 710 asperginis
1670 656 1817 710 fragor
1863 656 2058 712 impluat.
2136 657 2229 712 ipse
2262 660 2406 697 autem

209 723 444 764 secundum
507 738 732 766 mensuras
787 738 891 778 quas
944 724 1086 765 ferunt
1143 724 1337 764 nauticas
1391 724 1432 763 in
1484 723 1638 764 decem
1691 728 1733 765 et
1785 729 1952 780 septem
2004 724 2142 766 stadia
2197 724 2406 781 procedit,

209 791 338 832 fluvio
390 793 591 843 inu-atus,
644 793 714 847 qui
763 792 1011 834 salebratim
1066 806 1268 833 saxorum
1322 792 1520 833 obicibus
1571 792 1773 834 affractus
1830 807 2033 849 spumoso
2086 794 2276 835 canescit
2325 794 2404 834 im-

208 861 336 915 pulsu
378 866 421 902 ct
460 876 538 903 nec
578 863 752 915 longum
793 862 982 916 seopulis
1022 861 1333 916 praecipitibus
1367 866 1598 916 exemptus
1638 862 1736 902 lacu
1777 862 1996 911 conditum
2039 876 2166 918 quem
2197 862 2285 903 fors
2316 862 2407 903 fuat

211 943 264 970 an
298 929 486 970 incurrat
518 944 570 970 an
604 929 747 973 faciat,
780 930 989 985 praeterit
1022 934 1161 980 certc2
1208 935 1383 971 coactus
1415 930 1620 985 per'cola
1653 930 1938 972 subterranea
1970 930 2201 986 deliquari.
2242 945 2329 972 non
2360 935 2408 971 ut

209 999 425 1040 fluctibus.
459 999 534 1040 sed
568 1010 613 1039 ut
645 999 836 1054 piscibus
869 1004 1203 1055 pauperaretur:
1237 1000 1310 1054 qui
1334 1000 1496 1055 repulsi
1518 999 1561 1039 in
1584 1000 1799 1054 gurgitem
1822 1000 2057 1055 pigriorem
2082 1014 2233 1041 earnes
2257 999 2407 1040 rubras

209 1067 318 1108 albis
351 1067 654 1109 abdominibus
689 1068 952 1109 extendunt:
986 1069 1045 1109 ita
1077 1069 1162 1109 illis
1194 1083 1273 1110 nec
1307 1069 1448 1110 redire
1483 1069 1730 1110 valentibus
1762 1083 1842 1110 nec
1875 1069 1995 1110 exire
2027 1069 2250 1125 permissis
2273 1082 2406 1124 quen-

147 1138 192 1176 15
209 1135 306 1176 dam
340 1136 481 1176 vivum
516 1143 558 1176 et
590 1136 944 1178 circumlaticium
978 1151 1195 1178 carcerem
1229 1138 1499 1193 corpulentia
1528 1138 1645 1179 facit.
1714 1138 1833 1178 lacus
1865 1137 1978 1192 ipse,
2012 1151 2095 1192 qua
2127 1137 2299 1189 dexter,
2340 1138 2406 1178 in—

212 1204 326 1244 cisus
359 1205 581 1246 flexuosus
605 1219 961 1260 nemorosusque,
995 1220 1078 1260 qua
1110 1206 1272 1258 laevus,
1305 1210 1459 1261 patens
1490 1206 1704 1247 herbosus
1737 1207 1946 1261 aequalis.
1997 1220 2160 1261 aequor
2182 1207 2235 1247 ab
2258 1206 2407 1247 Africo

209 1272 345 1314 viride
378 1287 455 1328 per
485 1275 599 1320 litus*
634 1275 734 1329 quia
766 1275 808 1315 in
839 1275 998 1316 undam
1032 1275 1183 1316 fronde
1216 1280 1416 1330 porrecta
1447 1279 1494 1316 ut
1525 1276 1695 1330 glareas
1729 1289 1852 1330 aqua,
1885 1275 1947 1316 sic
1975 1288 2108 1330 aquas
2132 1275 2287 1316 umbra
2307 1288 2407 1330 per-

208 1341 358 1382 fundit.
421 1341 665 1384 huiusmodi
697 1343 886 1384 colorem
919 1343 972 1384 ab
1016 1343 1182 1384 oriente
1221 1357 1298 1398 par
1341 1344 1546 1384 silvarum
1589 1358 1749 1385 corona.
1787 1344 2023 1386 continuat.
2092 1358 2168 1399 per
2199 1343 2408 1384 Arctoum

211 1410 323 1450 latus
355 1420 401 1450 ut
432 1411 589 1466 pelago
621 1416 795 1457 naturai
831 1412 891 1453 sic
926 1413 1110 1467 species.
1173 1427 1195 1453 a
1229 1412 1429 1468 Zephyro
1471 1412 1670 1468 plebeius
1712 1417 1755 1454 et
1795 1412 2102 1454 tumultuarius
2139 1412 2285 1453 frutex
2323 1412 2408 1453 fre-

212 1489 478 1533 quenterque
512 1480 751 1522 lemborum
786 1482 1142 1537 superlabentum
1174 1481 1440 1537 ponderibus
1473 1482 1680 1530 inflexus:
1714 1482 1826 1523 hunc
1852 1482 1965 1523 circa
1992 1482 2148 1523 lubrici
2171 1481 2409 1537 scirporum

209 1547 304 1588 cirri
347 1548 562 1603 plicantur
602 1550 814 1605 simulque
857 1551 1040 1605 pingues
1078 1551 1273 1591 ulvarum
1316 1552 1499 1607 paginae
1538 1555 1689 1591 natant
1728 1551 1994 1606 salicumque
2033 1552 2283 1606 glaucarum
2319 1550 2410 1592 fota
2446 1560 2459 1584 ‘-

148 1618 193 1656 19
211 1630 382 1671 semper
414 1616 612 1659 dulcibus
643 1619 766 1673 aquis
800 1619 1055 1661 amaritudo.
1117 1620 1160 1660 in
1191 1619 1332 1661 medio
1365 1619 1564 1675 profundi
1595 1619 1737 1661 brevis
1770 1620 1924 1666 insula,
1955 1620 2032 1661 ubi
2064 1634 2193 1676 supra
2224 1620 2411 1661 molares

210 1686 465 1727 naturaliter
495 1692 726 1741 aggeratos
763 1702 840 1743 per
872 1689 1159 1744 impactorum
1189 1694 1350 1745 puncta
1383 1703 1597 1730 remorum
1631 1689 1857 1730 navalibus
1886 1690 1988 1730 trita
2016 1690 2133 1744 gyris
2162 1693 2280 1730 meta
2309 1703 2409 1744 pro—

210 1754 400 1796 tuberat.
448 1754 502 1795 ad
549 1770 676 1810 quam
724 1772 770 1798 se
817 1757 1005 1798 iucunda
1044 1757 1268 1799 ludentum
1310 1758 1536 1812 naufragia
1580 1757 1801 1799 collidunt
1879 1772 1978 1799 nam
2019 1758 2152 1799 moris
2192 1758 2288 1798 istic
2331 1757 2411 1798 fuit

211 1824 450 1865 senioribus
474 1826 632 1866 nostris
655 1840 841 1881 agonem
863 1826 1208 1882 Drepanitanum
1231 1827 1445 1869 Troianae
1470 1828 1789 1883 superstitionis
1822 1827 1992 1868 imitari.
2053 1827 2137 1868 iam
2172 1841 2273 1868 vero
2306 1841 2412 1882 ager

209 1893 324 1947 ipsc.
367 1906 625 1948 quamquam
664 1894 745 1936 hoc
785 1910 914 1951 supra
945 1895 1158 1942 debitum„
1199 1895 1382 1937 diffusus
1416 1896 1459 1936 in
1492 1896 1611 1937 silvis
1643 1896 1785 1952 pictus
1825 1897 1868 1937 in
1899 1897 2054 1952 pratis,
2094 1909 2330 1951 pecorosus
2368 1896 2411 1936 in
2447 1903 2462 1928 2

141 1963 193 2001 2⁰
211 1963 383 2017 pascuis
416 1963 459 2004 in
491 1964 737 2019 pastoribus
770 1965 1032 2019 peculiosus.
1094 1964 1171 2006 sed
1203 1979 1289 2006 non
1318 1965 1502 2020 amplius
1526 1980 1682 2011 moror,
1715 1980 1782 2011 ne,
1817 1967 1852 2006 si
1874 1966 2044 2020 longior
2067 1965 2164 2006 stilo
2187 1964 2412 2015 terminus,

209 2031 479 2085 relegentem
502 2037 543 2073 te
568 2037 798 2075 autumnus
832 2034 1037 2076 inveniat.
1099 2034 1277 2090 proinde
1301 2035 1405 2075 mihi
1437 2035 1578 2076 tribue
1607 2034 1810 2076 veniendi
1843 2035 2112 2076 celeritatem
2145 2034 2262 2087 (nam
2286 2033 2411 2075 rede-

210 2099 313 2140 undi
346 2114 510 2142 moram
543 2101 620 2142 tibi
652 2102 745 2158 ipsc
779 2103 1059 2158 praestabis),
1093 2104 1271 2145 daturus
1305 2104 1404 2145 hinc
1437 2105 1632 2156 veniam,
1672 2104 1786 2159 quod
1817 2104 2077 2145 brevitatem
2111 2103 2191 2144 sibi
2221 2103 2413 2145 debitam

209 2169 337 2223 paulo
371 2171 665 2226 scrupulosior
696 2172 883 2228 epistula
925 2173 1141 2223 excessit,
1190 2172 1289 2214 dum
1330 2177 1469 2215 totum
1509 2174 1620 2215 ruris
1660 2173 1788 2215 situm
1832 2173 2018 2215 sollicita
2058 2172 2260 2220 rimatur;
2301 2185 2411 2227 quae

353 2399 368 2431 1
396 2400 506 2432 lacum
533 2404 623 2440 (cum
648 2401 684 2432 in
711 2412 778 2433 ras.
793 2400 858 2442 P¹)
877 2400 910 2432 P
1047 2399 1068 2432 2
1092 2401 1203 2433 arenis
1221 2399 1363 2433 LMCP
1429 2402 1579 2444 inpressa
1595 2401 1654 2433 GP
1743 2402 1915 2434 humectat
1940 2401 1972 2441 (c
1985 2412 2010 2433 s.
2026 2401 2047 2433 l.
2062 2400 2143 2432 add.
2159 2399 2223 2440 P¹)
2244 2398 2416 2432 MTOFP

214 2478 236 2510 3
260 2479 387 2511 alluvio
413 2481 447 2511 in
473 2492 540 2512 ras.
569 2480 619 2512 Ρ1
716 2481 871 2524 plalustri
897 2480 1018 2523 (prior.
1044 2482 1053 2512 l
1080 2492 1168 2514 eras.
1196 2480 1262 2523 P2)
1287 2481 1321 2512 P
1480 2479 1501 2513 4
1523 2487 1598 2523 post
1627 2482 1796 2514 inadibilis
1822 2494 1847 2513 s.
1875 2482 1896 2513 l.
1923 2481 2003 2513 add.
2030 2479 2085 2513 ÷
2113 2477 2176 2511 M¹
2193 2479 2248 2511 T²
2340 2480 2411 2511 limi

210 2571 296 2591 corr.
323 2570 363 2591 ex
387 2560 470 2592 limu
496 2559 526 2591 L
541 2560 550 2578 ¹
676 2561 847 2593 montibus
873 2560 904 2592 L
1067 2559 1088 2593 5
1114 2561 1283 2594 littoribus
1308 2561 1352 2592 M
1356 2561 1387 2592 T
1387 2558 1447 2593 CP
1566 2562 1676 2605 pelegi
1705 2560 1735 2594 C
1847 2562 2016 2604 cymbulis
2041 2561 2155 2603 MTP,
2188 2562 2346 2594 cimbulis
2369 2560 2411 2602 F,

210 2638 362 2671 cimbalis
391 2637 421 2671 (J
602 2640 623 2673 6
657 2642 699 2674 sit
736 2640 763 2681 (t
786 2640 920 2672 induxit
945 2639 1014 2682 L1)
1040 2641 1071 2672 L
1227 2613 1296 2684 flagl
1326 2653 1414 2675 corr.
1444 2642 1480 2674 in
1513 2642 1617 2674 flabra
1649 2642 1680 2674 T
1686 2641 1696 2660 ¹
1836 2642 2028 2675 austerinus
2056 2638 2086 2672 C
2220 2643 2355 2675 inmane
2380 2640 2418 2673 F

340 2682 351 2707 l
370 2690 407 2709 ue

212 2716 230 2749 7
257 2721 466 2762 superiectae
490 2720 533 2761 (ie
558 2721 592 2753 in
618 2733 686 2753 ras.
709 2732 797 2753 corr.
823 2726 858 2751 ul
881 2733 909 2753 r.
937 2732 977 2753 ea:
1001 2733 1044 2754 ue
1069 2727 1098 2754 et
1123 2721 1137 2753 l
1162 2733 1205 2754 ue
1230 2733 1255 2753 s.
1283 2723 1303 2754 l.
1337 2722 1418 2754 add.
1449 2720 1529 2764 2112)
1551 2720 1600 2754 M
1687 2723 1875 2765 asparginis
1897 2722 1930 2754 T
2016 2722 2083 2756 aut-
2101 2734 2189 2755 corr.
2215 2733 2255 2755 ea,-
2278 2723 2345 2755 aud
2365 2722 2412 2753 Τ2

211 2800 232 2831 8
257 2801 363 2833 decim
389 2802 419 2833 ἅτ
444 2801 562 2843 septim
589 2799 620 2832 L
759 2800 779 2833 9
806 2765 950 2834 lntriittiili·j
977 2799 1025 2833 M
1031 2802 1053 2843 ¹,
1079 2797 1191 2834 intrat'
1215 2814 1303 2835 corr.
1328 2803 1364 2834 in
1389 2786 1499 2836 ἰῃῒῑειῖ
1515 2802 1546 2833 T
1553 2803 1576 2844 2,
1602 2804 1746 2835 intratur
1763 2800 1858 2834 OFP
1947 2803 2095 2836 efractus
2122 2802 2160 2835 F
2255 2814 2414 2846 spumosa

211 2880 242 2914 (a
259 2893 346 2913 corr.
362 2882 397 2913 ἰη
410 2894 428 2914 o
452 2878 514 2923 C‘,
541 2881 691 2923 idemque
704 2893 728 2914 s.
746 2882 767 2914 l.
783 2881 865 2914 adel.
881 2879 945 2924 0²)
961 2879 991 2913 C
1062 2882 1200 2924 inpulsu
1218 2879 1247 2913 C
1338 2881 1381 2914 10
1399 2888 1553 2916 exemtus
1571 2882 1641 2913 LT
1707 2884 1774 2925 que
1800 2894 1886 2915 corr.
1903 2876 1988 2952 cael—q
2009 2882 2057 2913 T²
2128 2869 2254 2915 forfuat
2266 2880 2414 2925 MCFP,

212 2962 314 2994 cfluat
339 2961 370 2993 T
505 2959 545 2992 11
571 2972 615 2993 an
640 2961 740 2994 saciat
765 2960 812 3002 (at
837 2962 873 2994 in
898 2974 966 2995 ras.
994 2960 1064 3004 ΡΙ)
1091 2962 1130 3001 P,
1164 2967 1223 2995 aut
1247 2963 1348 2995 faciat
1379 2962 1401 2994 1
1498 2963 1572 2995 cola
1595 2975 1618 2994 «ς.
1647 2963 1669 2995 Ζ.
1695 2963 1776 2995 add.
1802 2962 1866 3004 ΡΙ,
1892 2963 1965 2995 cola
1996 2962 2044 2994 Τ2
2185 2962 2227 2996 13
2253 2975 2316 2997 nee
2339 2976 2364 2997 s.
2390 2965 2411 2998 l.

212 3041 292 3073 add.
320 3040 358 3072 F
365 3040 376 3060 ¹
470 3041 648 3083 quemdam
681 3040 712 3071 T
859 3039 901 3073 14
925 3043 1200 3075 circumlatitium
1228 3041 1320 3085 MP,
1355 3043 1656 3076 circumlacticium
1685 3040 1715 3075 C
1805 3054 1889 3086 quas
1914 3043 1946 3075 L
2097 3041 2139 3075 15
2163 3044 2278 3077 affrico
2306 3041 2417 3076 MTG

215 3118 257 3151 16
275 3120 428 3162 perlutus
443 3119 568 3162 (prior.
585 3132 607 3152 u
621 3131 707 3153 corr.
724 3121 758 3152 in
772 3122 781 3152 i
796 3120 861 3162 P¹)
877 3121 910 3153 P
978 3123 1097 3154 umbra
1115 3123 1149 3154 in
1166 3134 1236 3154 ras.
1255 3120 1335 3155 M2.
1361 3134 1386 3154 s.
1403 3123 1423 3154 l.
1438 3123 1519 3155 adel.
1541 3123 1600 3164 T‘-',
1625 3124 1714 3156 unda
1736 3123 1767 3155 T
1856 3121 1898 3154 17
1915 3128 2066 3156 arctoum
2082 3122 2115 3164 (o
2139 3123 2176 3154 in
2189 3134 2258 3155 ras.
2275 3121 2354 3165 M¹)
2371 3121 2419 3155 M

216 3197 257 3230 18
281 3199 416 3241 zephiro
445 3197 526 3230 MT
526 3197 590 3231 CF
588 3199 632 3241 P,
657 3201 757 3233 zefiro
782 3201 813 3233 L
907 3174 1020 3235 frutex
1039 3203 1076 3235 F
1082 3202 1094 3221 ²
1234 3202 1277 3235 19
1302 3204 1592 3246 superlabentium
1616 3203 1681 3236 TF
1768 3215 1949 3247 cyrporum
1967 3203 2005 3236 F
2150 3201 2193 3235 21
2219 3204 2361 3236 morales
2386 3203 2419 3236 P

211 3276 257 3310 22
281 3278 491 3320 inpactorum
523 3278 554 3309 T
554 3275 615 3310 GP
716 3287 917 3323 punctamm
943 3294 1039 3315 orum
1065 3282 1096 3314 L
1202 3284 1279 3316 trita
1305 3282 1431 3325 (prior.
1457 3288 1470 3315 t
1493 3283 1529 3315 in
1552 3294 1622 3315 ras.
1648 3282 1715 3325 1³1)
1741 3283 1774 3316 P
1876 3284 1958 3326 giris
1985 3280 2164 3315 MTGFP
2251 3288 2361 3316 moeta
2389 3281 2420 3316 C

216 3355 261 3389 23
287 3357 431 3389 iocunda
455 3357 500 3389 ss!
504 3358 535 3389 T
534 3355 629 3390 OFP
729 3362 907 3404 naufragia
939 3362 1117 3395 ludentum
1146 3360 1175 3394 C
1311 3361 1355 3395 24
1380 3363 1630 3405 dripanitanum
1655 3363 1732 3395 LM
1736 3363 1767 3395 T
1767 3361 1840 3401 GP,
1879 3363 2141 3406 dripanitanium
2167 3363 2205 3395 F
2301 3374 2415 3412 super-

214 3438 363 3470 sticionis
395 3437 426 3469 T
426 3435 491 3470 CF
677 3438 722 3472 ⁶25
746 3441 850 3483 pratis
875 3440 903 3482 (t
927 3442 963 3474 in
987 3453 1056 3474 ras.
1086 3440 1134 3474 M
1141 3443 1165 3484 ¹)
1194 3441 1243 3474 M
1426 3441 1471 3475 26
1496 3444 1553 3476 sed
1577 3455 1666 3477 corr.
1690 3455 1730 3477 cx
1754 3443 1814 3475 sad
1842 3440 1891 3475 Ο1
2001 3454 2044 3476 ne
2068 3444 2096 3475 si
2120 3441 2310 3483 LMTCP‚
2337 3415 2364 3476 1n
2381 3443 2419 3476 F

213 3515 257 3550 27
283 3522 491 3561 autumpnus
505 3517 542 3550 F
618 3519 719 3551 michi
739 3516 768 3551 C
847 3523 893 3551 na
909 3518 960 3561 111,
987 3520 1002 3553 l
1028 3525 1052 3553 fl
1077 3533 1102 3553 3.
1130 3523 1150 3553 Z.
1177 3522 1258 3555 add.
1276 3520 1325 3554 M
1329 3523 1341 3542 ²
1423 3523 1561 3556 redeudi
1576 3523 1609 3557 P
1737 3521 1790 3556 ’28
1814 3493 1869 3557 hir&
1886 3520 1944 3563 0¹,
1970 3523 2050 3556 hinc
2067 3522 2105 3565 (n
2122 3524 2159 3556 in
2174 3534 2244 3555 ras.
2261 3520 2311 3554 M
2317 3520 2342 3565 ¹)
2360 3520 2412 3565 M,

218 3596 231 3630 1
259 3598 313 3631 hie
337 3610 361 3630 8.
388 3599 408 3630 ί.
435 3598 516 3630 adcl-
546 3595 610 3630 M²
750 3597 795 3632 29
819 3600 920 3632 situm
947 3600 1128 3640 LJJTFP,
1154 3613 1269 3636 secum
1297 3599 1326 3636 Ο

2445 874 2476 898 10
