2583 4011
906 208 1048 245 LIBER
1075 207 1119 251 ΙΙ,
1155 208 1221 245 XV
1246 210 1266 254 ξ
1291 210 1313 245 3
1339 230 1381 236 -
1408 209 1474 246 XV
1500 212 1520 256 ξ
1545 212 1600 247 21.
2277 213 2358 254 325

158 327 215 370 ei:
259 330 522 371 revertere
555 329 605 367 et
637 331 753 368 esto
792 326 1010 369 subdita
1046 326 1279 369 dominae
1319 331 1459 380 tuae,
1500 333 1548 368 ut
1581 328 1646 368 his
1678 328 1897 369 laboribus
1931 328 2126 370 omnibus
2160 333 2203 370 et
2234 329 2427 370 bonis12
2469 335 2508 379 (ἦ

157 398 360 454 operibus
400 396 547 438 dedita
589 397 730 451 possis
772 411 870 438 esse
918 401 961 438 et
1009 397 1338 438 conversatione
1386 397 1581 453 perfecta
1622 402 1664 438 ct
1707 399 1979 438 confession(-
2026 398 2183 439 ‹lcvota
2230 403 2272 439 ct
2319 399 2358 439 in

158 481 292 523 regno
335 466 470 522 patris
510 466 594 517 tui,
638 466 752 506 illius
792 466 844 507 de
887 480 968 521 quo
1007 465 1204 506 dominus
1246 466 1289 506 in
1332 467 1560 519 cvangelio
1603 466 1724 507 dicit:
1775 468 1939 508 nolite
1984 468 2129 508 vobis
2172 482 2361 509 vocare

156 541 357 592 patrem
390 549 554 591 super
585 538 793 581 terram,
834 549 967 576 unus
1001 535 1137 576 enim
1172 539 1253 575 est
1284 540 1440 590 pater
1472 540 1667 580 vester,
1709 536 1946 577 secundum
1980 551 2134 577 nomen
2169 543 2286 578 tuum
2322 538 2360 577 in

102 616 116 638 ·‘·
155 606 229 646 illa
259 605 487 647 beatorum
519 604 646 645 turba
678 618 783 645 vera
815 604 1044 660 splendere
1079 604 1297 646 Ceraunia
1330 610 1374 646 et
1407 605 1607 646 vocabuli
1640 606 1701 646 tui
1744 610 1895 646 auctor
1934 607 2142 646 existere:
2187 607 2239 647 dc
2280 621 2363 660 quo
2386 610 2432 646 123

88 962 120 986 lo

84 1658 117 1681 20

83 2353 116 2377 30

84 2700 115 2724 35

82 3049 116 3072 40

159 673 391 730 splendore
432 687 609 728 operum
647 673 843 715 dominus
885 674 1006 715 dicit:
1055 674 1131 715 sic
1175 674 1348 715 luceat
1386 674 1474 715 lux
1516 679 1691 716 vestra
1733 690 1902 715 coram
1946 675 2267 717 hominibus,
2314 680 2359 715 ul

155 743 365 784 videant
405 756 569 798 opera
606 747 786 784 vestra
822 742 961 784 bona
1003 747 1055 784 et
1093 744 1462 798 magnificent
1501 758 1585 784 non
1628 758 1704 784 vos
1744 744 1821 785 scd
1863 748 2068 799 patrem
2111 750 2363 786 vostrum.

157 813 242 868 qui
276 813 325 853 in
357 812 528 853 caelis
562 816 664 861 est,
697 812 818 853 cuius
851 818 918 853 cst
949 817 991 854 et
1024 817 1070 853 ut
1103 812 1230 853 detur
1262 817 1305 853 et
1337 827 1463 853 omne
1497 812 1610 868 quod
1643 812 1783 860 datur,
1817 814 1916 868 quia
1949 814 2070 853 iuxta.
2102 814 2363 868 apostolum:

157 895 303 923 omne
336 880 512 922 datum
545 881 736 922 bonum
769 895 794 922 a
827 896 1032 922 sursum
1066 881 1128 922 de
1155 887 1303 938 patre
1327 882 1582 923 luminum
1606 882 1915 933 descondit,
1949 898 1973 923 a
1996 897 2078 937 quo
2102 887 2144 923 ct
2168 883 2365 922 voluntas

155 951 360 993 tribuitur
391 954 434 992 et
465 955 713 1007 praestatur
745 952 948 994 effeetus:
992 952 1091 1006 quia
1133 952 1404 1007 paenitentia
1444 966 1527 992 non
1569 952 1743 993 nominc
1783 956 1949 993 tantum
1993 951 2248 999 obtinenda,
2291 951 2365 991 sod

156 1024 255 1062 actu
288 1024 355 1062 est
387 1019 682 1075 exsequenda.
745 1021 1014 1076 paenitentia
1046 1035 1131 1062 non
1166 1026 1233 1061 cst
1271 1036 1426 1062 nomen
1468 1022 1674 1066 otiosum,
1719 1036 1830 1076 quac
1873 1036 1927 1062 cx
1971 1021 2179 1076 qualitate
2224 1021 2365 1076 operis
2390 1023 2430 1060 ll

155 1089 353 1146 possidet
385 1089 603 1131 laboriosa
635 1089 907 1131 vocabulum.
971 1105 1056 1130 non
1090 1091 1202 1131 enim
1244 1094 1390 1145 potest
1432 1091 1662 1145 paenitens
1704 1090 1785 1131 dici
1829 1091 1900 1145 qui
1942 1090 2206 1145 paenitenda
2249 1105 2364 1130 com-

155 1160 300 1209 mittit,
335 1159 411 1200 sed
442 1159 514 1200 ille
548 1159 617 1215 qui
646 1160 882 1215 praeterita
903 1164 1085 1214 peccata
1108 1160 1175 1199 vcl
1199 1160 1390 1200 maculas
1413 1159 1656 1201 humilitate
1681 1159 1837 1211 cordis,
1871 1159 2139 1201 subiectione
2164 1160 2365 1214 corporis,

154 1230 365 1270 bonorum
399 1243 576 1285 operum
611 1229 865 1274 sedulitate,
909 1229 1166 1270 assiduitate
1201 1230 1465 1277 orationum,
1509 1230 1836 1270 continuatione
1876 1230 2133 1283 gemituum
2178 1229 2366 1284 pectoris

105 1309 117 1331 ἰ
156 1299 435 1351 contusione,
493 1299 770 1341 lacrimarum
821 1298 1071 1354 profusione
1127 1298 1339 1353 detergit,
1396 1303 1442 1340 ut
1489 1299 1626 1354 possit
1673 1299 1816 1340 dicere
1870 1313 1965 1340 cum
2014 1299 2246 1354 propheta:
2307 1300 2435 1338 11015

155 1370 478 1411 memineris
526 1369 845 1424 iniquitates
892 1372 1097 1409 nostras
1151 1368 1417 1423 antiquas,
1473 1369 1620 1423 utique
1673 1383 1758 1409 non
1807 1368 2091 1410 cottidianas:
2148 1373 2191 1408 ct
2239 1367 2364 1408 illud:

156 1439 400 1480 laboravi
448 1440 499 1480 in
549 1439 756 1494 gemitu
810 1452 944 1489 mee,
1003 1438 1200 1478 lavabo
1256 1452 1347 1493 per
1401 1438 1644 1492 singulas
1698 1443 1886 1479 noctes
1941 1439 2129 1479 lectum
2179 1452 2365 1481 mcum.

153 1509 398 1550 lacrimis
432 1509 562 1550 meis
598 1512 819 1549 stratum
851 1521 1015 1549 meum
1050 1507 1263 1562 rigabo:
1306 1508 1560 1548 etiterum:
1595 1508 1859 1562 rugiebam
1895 1522 1919 1547 a
1951 1509 2156 1562 gemitu
2191 1507 2365 1547 cordis

153 1578 281 1625 mei;
324 1578 575 1620 etiterum:
620 1577 863 1633 quoniam
903 1576 1242 1632 iniquitates
1285 1591 1424 1617 meas
1468 1591 1561 1631 ogo
1595 1578 1879 1633 pronuntio
1915 1582 1964 1618 et
1997 1577 2243 1631 cogitabo
2278 1591 2365 1632 pro

153 1653 388 1704 peceato
428 1663 554 1690 meo.
617 1648 702 1689 sint
735 1647 833 1688 ideo
867 1647 936 1688 hie
969 1646 1146 1687 crimina
1178 1651 1324 1687 nostra
1356 1652 1457 1687 ante
1490 1661 1590 1694 nos,
1633 1651 1679 1687 ut
1718 1651 1867 1688 contra
1904 1662 1982 1688 nos
2024 1647 2064 1687 in
2109 1646 2177 1687 die
2220 1646 2366 1687 iudicii
2390 1648 2435 1686 lli

154 1732 252 1759 esse
284 1732 370 1759 non
402 1718 574 1774 possint
606 1722 650 1759 et
681 1717 787 1759 illud
821 1717 952 1758 etiam
985 1716 1055 1757 hic
1098 1716 1225 1772 positi
1269 1730 1366 1757 cum
1408 1716 1564 1757 fiducia
1603 1716 1748 1758 dicere
1789 1731 2055 1758 mereamur:
2104 1717 2366 1758 delictum

153 1802 325 1829 meum
368 1802 461 1842 ego
503 1801 756 1842 cognosco
795 1791 846 1828 et
886 1786 1194 1827 iniustitias
1236 1800 1383 1828 meas
1424 1801 1524 1827 non
1567 1788 1770 1842 operui.
1833 1787 1964 1827 dixi:
2006 1786 2367 1842 pronuntiabo

154 1857 416 1898 adversus
460 1871 538 1898 me
587 1861 639 1897 et
683 1857 1012 1898 iniustitias
1060 1870 1198 1897 meas
1244 1856 1469 1903 domino,
1518 1861 1569 1897 et
1611 1862 1665 1897 tu
1712 1857 1993 1897 remisisti
2036 1857 2366 1911 impietatem

154 1926 343 1968 cordis
375 1927 492 1968 mei.
556 1930 721 1967 certum
757 1930 844 1973 estq
887 1925 1001 1981 quod
1034 1926 1075 1966 in
1109 1929 1316 1980 quantum
1350 1926 1426 1967 tibi
1459 1925 1512 1966 de
1545 1927 1677 1982 priori
1712 1927 2043 1968 conversatione
2077 1925 2436 1980 ‹lispli(·11eris,17

83 2006 114 2030 ‘5¹
155 1997 197 2038 in
230 1999 399 2037 tantum
442 1995 616 2037 domino
654 1995 869 2051 placebis,
914 1999 956 2036 et
994 1995 1036 2035 iu
1081 1998 1289 2050 quantum
1322 1996 1399 2036 tibi
1434 1996 1675 2051 placueriS,
1718 1996 1779 2037 illi
1814 1997 1908 2037 sine
1941 1995 2069 2037 dubio
2101 1995 2365 2050 displicebis,

152 2066 226 2121 qui
258 2065 372 2113 dicitq
407 2065 608 2119 quoniam
642 2065 827 2121 dissipat
859 2078 957 2105 ossa
988 2064 1210 2105 hominum
1234 2064 1312 2105 sibi
1336 2065 1617 2120 placentium.
1671 2070 1714 2106 et
1736 2066 1835 2107 idco
1860 2070 2079 2120 tamquam
2104 2064 2366 2105 severissimi
2387 2066 2436 2103 1&

153 2148 359 2177 censores
403 2135 554 2190 culpas
596 2139 767 2175 nostras
810 2135 853 2175 in
897 2148 974 2175 nos
1015 2134 1099 2189 ipsi
1139 2134 1376 2175 districtius
1417 2134 1706 2187 vindicemus,
1754 2136 1835 2192 ipsi
1879 2135 2005 2176 nobis
2048 2150 2127 2190 per
2171 2134 2366 2175 divorsos

151 2204 346 2260 corporis
370 2203 585 2245 eruciatus
609 2203 797 2259 quodam
819 2203 945 2244 modo
979 2207 1164 2244 tortores
1197 2203 1439 2245 existamus
1474 2208 1517 2245 ct
1548 2204 1730 2254 iudices,
1763 2209 1810 2245 ut
1842 2205 1884 2245 in
1919 2206 1990 2246 illo
2022 2206 2162 2246 iustae
2197 2203 2362 2245 exami-

152 2274 339 2315 nationis
382 2277 578 2329 tempore
623 2288 709 2314 non
749 2273 910 2314 habeat
947 2273 990 2314 in
1033 2287 1111 2314 nos
1151 2273 1265 2328 regis
1317 2275 1560 2321 sententia,
1609 2274 1720 2329 quod
1767 2274 1964 2319 damnet,
2015 2288 2119 2329 quos
2167 2275 2247 2314 iam
2297 2273 2365 2313 hic

154 2344 444 2399 castigatioris
476 2344 592 2384 vitae
626 2343 857 2399 disciplina
888 2343 1140 2386 correxerit,
1174 2343 1274 2398 quia
1308 2343 1447 2383 iustus
1480 2348 1523 2383 et
1555 2344 1800 2384 misericors
1835 2344 1966 2385 iudex
1998 2343 2062 2383 bis
2095 2357 2179 2383 non
2204 2342 2366 2383 iudicat
2386 2346 2435 2383 1¹.)

151 2414 193 2455 in
224 2413 267 2454 id
299 2414 453 2469 ipsum,
486 2412 567 2454 hoe
601 2417 682 2465 est⁷
716 2413 755 2454 ei
790 2427 836 2454 se
870 2412 1098 2453 exhibebit
1130 2413 1295 2463 mitem,
1327 2427 1453 2467 quem
1484 2413 1696 2455 invenerit
1731 2414 1800 2454 hic
1834 2428 1929 2454 esse
1962 2427 2064 2469 prae
2088 2417 2365 2469 peccatorum

155 2482 449 2524 satisfactione
491 2482 732 2527 crudelem:
775 2482 837 2523 illi
877 2482 1133 2537 benignum,
1174 2496 1301 2537 quem
1346 2483 1388 2522 in
1432 2483 1511 2523 hac
1551 2483 1638 2523 vita
1681 2483 1761 2523 sibi
1802 2483 2103 2537 recognoverit
2135 2483 2269 2523 fuisse
2302 2481 2366 2522 di-

155 2552 370 2603 strictum,
419 2551 656 2593 secundum
702 2551 810 2592 illud
850 2551 1176 2606 evangelicum:
1236 2552 1319 2606 qui
1365 2551 1667 2607 perdiderit
1715 2552 1948 2592 animam
1994 2556 2217 2608 propter
2265 2566 2362 2596 me,

153 2621 402 2663 inveniet
446 2634 577 2669 eam;
621 2621 689 2662 vel
720 2620 848 2661 illud:
891 2621 1036 2662 beati
1077 2621 1159 2676 qui
1202 2635 1338 2661 nunc
1382 2622 1603 2676 lugetis7
1647 2622 1762 2676 quia
1804 2621 2063 2663 ridebitis.
2126 2621 2257 2662 breve
2298 2621 2433 2661 est20

155 2691 270 2732 enim
302 2704 428 2731 omne
461 2690 577 2745 quod
609 2690 652 2731 in
684 2690 764 2731 hoc
805 2689 964 2731 mundo
1007 2691 1150 2745 agitur
1189 2690 1281 2731 sive
1321 2690 1482 2731 bonum
1527 2691 1617 2732 sive
1662 2691 1842 2741 malum,
1887 2692 1999 2732 sicut
2040 2690 2364 2746 experimentis,

152 2765 200 2801 ut
239 2759 441 2801 dominus
484 2763 558 2801 aut
589 2760 790 2816 permisit
821 2763 895 2801 aut
926 2760 1078 2812 voluit,
1122 2760 1206 2800 iam
1249 2760 1461 2815 probasti.
1523 2764 1566 2801 et
1598 2760 1758 2801 idcirco
1791 2760 1844 2801 ad
1877 2760 2152 2801 sustinendas
2186 2774 2262 2815 pro
2296 2758 2362 2799 dei

157 2843 302 2871 amore
324 2842 550 2885 pressuras
575 2833 825 2870 constantes
857 2843 955 2870 esse
978 2829 1203 2876 debemus,
1227 2829 1327 2883 quia
1357 2830 1391 2870 si
1417 2830 1478 2871 ad
1508 2844 1779 2885 vesperum
1802 2830 2160 2872 demorabitur
2184 2829 2365 2875 fletus,

155 2904 202 2940 et
248 2898 306 2940 ad
353 2899 659 2940 matutinum
709 2899 920 2940 laetitia
967 2899 1271 2954 subsequetur.
1346 2900 1490 2954 itaque
1530 2914 1642 2941 nunc
1685 2915 1878 2941 seramus
1920 2901 1961 2941 in
2001 2900 2208 2945 lacrimis,
2251 2898 2363 2953 quod

153 2973 255 3010 tune
287 2972 502 3010 metamus
524 2969 568 3009 in
591 2968 774 3024 gaudiis.
836 2969 947 3010 haec
970 2983 1110 3024 pauca
1139 2968 1193 3009 ad
1217 2969 1543 3010 confortandam
1569 2969 1694 3010 fidem
1719 2974 1908 3011 vestram
1941 2984 2017 3026 pro
2050 2968 2363 3010 exhortationis
2381 2969 2425 3007 21

155 3039 315 3080 solacio
349 3038 464 3079 dicta
496 3038 732 3091 sufficiunt,
775 3052 886 3094 quae
917 3039 1020 3079 licet
1050 3038 1145 3094 ipse
1178 3052 1262 3079 non
1294 3038 1472 3091 faciam,
1514 3043 1660 3080 tamen
1698 3043 1746 3080 ut
1784 3043 1827 3080 et
1858 3053 1934 3080 vos
1969 3040 2106 3094 agatis
2145 3038 2361 3078 exhortor.

290 3212 307 3245 1
336 3211 426 3247 Gen.
446 3211 542 3249 XVI,
563 3212 595 3245 9.
706 3211 728 3245 3
752 3209 884 3244 Matth.
904 3209 1038 3249 XXIII,
1057 3212 1089 3245 9.
1199 3212 1220 3245 Γ)
1247 3210 1382 3245 Matth.
1398 3210 1440 3252 V,
1461 3212 1513 3246 16.
1625 3213 1645 3245 9
1673 3212 1742 3247 Iac.
1762 3213 1789 3253 I,
1810 3212 1860 3246 17.
1975 3213 2016 3245 15
2043 3212 2097 3246 Ps.
2117 3209 2314 3247 LXXVIII,
2333 3210 2363 3242 8.

155 3270 197 3304 17
224 3269 282 3304 Ps.
300 3269 363 3310 VI,
389 3270 420 3304 7.
538 3270 582 3303 18
608 3270 664 3303 Ps.
690 3269 874 3307 XXXVII.
900 3268 932 3303 9.
1052 3270 1095 3302 19
1122 3268 1178 3303 Ps.
1197 3268 1383 3308 XXXVII,
1411 3270 1463 3303 19.
1604 3271 1644 3303 ⁴21
1673 3270 1731 3304 Ps.
1753 3270 1884 3306 XXXI,
1910 3271 1941 3304 ἵ).
2058 3270 2102 3303 <2ss
2130 3269 2184 3302 ΡΞ.
2203 3268 2305 3303 CXL,
2333 3267 2362 3300 7.

152 3327 197 3361 33
223 3327 357 3362 Matth.
384 3328 428 3369 X,
453 3329 507 3362 39.
625 3327 670 3361 34
695 3326 781 3362 Luc.
802 3326 863 3367 VI,
890 3328 945 3361 21.
1063 3327 1106 3361 37
1135 3327 1192 3361 Ps.
1218 3327 1351 3367 XXIX,
1377 3327 1408 3361 G.
1526 3328 1571 3362 38
1598 3328 1654 3362 Ps.
1681 3328 1824 3369 CXXV,
1850 3331 1881 3363 ι’).

291 3432 309 3465 1
336 3444 455 3466 reuere
474 3430 507 3465 G
604 3438 644 3465 ut
668 3431 734 3476 his]
764 3433 932 3473 canisius,
967 3437 1000 3465 et
1024 3432 1077 3464 his
1097 3429 1130 3463 G
1275 3431 1297 3464 4
1322 3431 1458 3475 nomen]
1485 3434 1556 3466 scil.
1576 3432 1749 3477 κεραυνία
1896 3433 1918 3465 ἴ)
1943 3434 2025 3466 tuba
2044 3431 2076 3463 G
2170 3431 2225 3474 del
2247 3443 2308 3463 ⁰711.
2331 3429 2363 3461 G

154 3488 173 3522 7
207 3489 289 3533 11011]
324 3503 387 3524 uos
417 3503 506 3523 corr.
532 3503 594 3523 nos
622 3489 654 3523 G
826 3490 848 3523 8
880 3496 914 3524 et
943 3495 1021 3522 ante
1052 3494 1090 3521 ut
1115 3501 1141 3521 s.
1168 3490 1188 3520 l.
1216 3487 1269 3521 G¹
1441 3490 1462 3522 9
1495 3503 1514 3523 a
1539 3490 1688 3535 sursum]
1721 3493 1898 3524 desursum
1927 3492 2021 3532 l'ulss.
2138 3490 2303 3522 discendit
2330 3486 2362 3519 G

154 3547 197 3580 12
222 3549 430 3591 paenitentia
450 3546 518 3589 G',
541 3549 741 3591 paenitenda
762 3546 819 3581 G²
939 3547 982 3580 15
1008 3545 1163 3590 detergit]
1191 3548 1275 3578 coni.
1297 3548 1464 3589 (i'auisa'm,
1489 3549 1616 3592 detegit
1636 3548 1680 3591 G,
1705 3552 1748 3592 (js.
1767 3561 1875 3592 snpra
1892 3562 1929 3591 2¹·
1947 3551 2020 3587 314,
2039 3549 2060 3580 l.
2080 3550 2122 3579 39
2238 3546 2283 3578 ‘20
2308 3544 2361 3587 111]

153 3611 188 3638 et
207 3604 250 3647 G,
277 3608 320 3650 (gf.
340 3618 448 3648 supra
466 3618 504 3648 p.
521 3608 599 3647 32⁴2,
625 3607 647 3639 Ζ.
665 3608 710 3639 37
841 3605 883 3638 ⁴21
910 3606 1037 3638 fiducia
1057 3602 1090 3637 G
1223 3603 1267 3636 24
1292 3604 1417 3648 cordis]
1444 3609 1570 3649 peccati
1594 3607 1688 3649 Vuly.
1777 3606 2044 3639 conuersationis
2065 3602 2097 3636 G
2237 3603 2281 3635 25
2306 3605 2362 3636 ille

153 3675 240 3696 corr.
267 3664 316 3696 illi
337 3661 392 3695 G¹
546 3662 591 3695 28
615 3664 783 3696 cruciatos
803 3662 835 3695 G
929 3663 1139 3705 quodamodo
1160 3660 1191 3694 G
1286 3661 1337 3705 ut]
1364 3663 1574 3705 Lat-johann,
1606 3671 1639 3697 et
1658 3662 1690 3696 G
1837 3662 1881 3695 529
1915 3663 1985 3705 regi
2006 3661 2037 3693 G
2186 3659 2229 3694 33
2260 3673 2360 3694 euan-

152 3720 280 3762 gelium
301 3718 335 3752 G
437 3718 482 3751 35
509 3720 762 3762 exiperimentis
780 3732 868 3752 corr.
887 3720 1126 3762 experimentis
1142 3717 1174 3750 G
1284 3719 1329 3752 38
1347 3720 1589 3764 subsequetur]
1608 3723 1739 3764 scripsi,
1756 3721 1977 3763 subsequitur
1997 3718 2029 3751 G
2135 3717 2179 3752 39
2197 3725 2361 3752 metemus

163 3775 272 3819 Vuly„
292 3778 337 3819 cf.
354 3776 452 3820 infra
466 3789 501 3819 p.
515 3778 590 3818 327,
607 3777 629 3808 I.
647 3778 691 3808 28
829 3776 875 3811 40
899 3775 944 3819 et]
965 3774 997 3808 G
1022 3777 1217 3812 exhortator
1244 3777 1276 3811 G
