2583 4011
1125 199 1363 233 KRUSCHll.
2232 208 2342 239 LXXI

289 313 440 355 Codex
472 313 757 354 Parisinus
796 314 891 355 Lat.
928 329 967 356 n.
998 317 1099 355 1564
1137 314 1432 367 (Colbertiuus
1467 330 1505 357 n.
1544 318 1663 358 isus.
1703 316 1862 369 lii-gius
1898 333 1933 358 ιι.
1965 323 2094 390 qu)
2130 335 2240 362 saec.
2271 321 2342 363 lx.
2387 314 2426 358 l’

139 407 301 447 formae
344 405 579 455 maximae,
624 409 734 446 teste
780 404 998 447 Friderico
1033 404 1259 457 Maassen,
1307 405 1478 458 (gaeum
1515 406 1585 446 (les
1615 407 1889 448 summissi-lecu
1931 410 2077 450 lta-ms
2115 412 2142 452 Ι,
2178 427 2213 467 p,
2249 416 2345 456 lius,

140 475 254 516 inter
285 479 432 516 cetera
464 474 573 515 haec
607 475 817 516 eontinet:

283 543 420 584 LXX.
470 543 629 595 Incipit
672 543 845 595 epistola
890 544 1068 585 Paulini
1109 544 1167 585 acl
1208 544 1432 584 runs-tam.
1514 544 1693 585 Domino
1739 547 1855 597 patri
1895 551 1932 586 r(
1968 552 2144 599 patrono
2189 550 2347 590 Iv'aust„

133 626 276 665 papae
307 612 534 654 Paulinus.
597 612 783 654 Scribere
817 614 925 654 robis
956 614 1054 654 hine
1085 614 1235 654 retinet
1267 616 1399 653 metus
1433 613 1541 661 (FA.
1575 613 1712 663 xlv).

282 681 440 723 LXXI.
488 681 647 733 Incipit
688 681 861 734 epistola
893 683 1032 723 sancti
1063 682 1221 723 Fausti
1252 682 1310 721 (al
1340 682 1597 722 benedictum
1632 682 1876 723 Paulinum.
1949 685 2212 725 .·l‹lmiramla
2248 688 2349 726 mim

137 766 296 805 semper
326 750 436 806 (FA.
470 751 586 806 XV).

281 820 468 862 LXXII.
515 819 698 862 Domino
721 821 918 873 piissimo
950 825 986 861 et
1017 820 1268 872 specialibus
1299 821 1454 872 offusiis
1492 820 1727 870 aaz-colendo,
1771 825 1816 862 ut
1847 822 2026 873 consulo.
2063 824 2102 862 in
2135 827 2346 864 arternum

136 891 272 944 fratre
303 894 341 931 et
366 904 444 942 per
474 891 616 931 omnia
647 890 795 932 (lemno
827 891 963 931 Felici
995 891 1199 932 Haustus.
1264 890 1473 942 Illaslnum
1496 891 1675 942 pietatis
1707 890 1817 944 (FA.
1852 891 1992 944 xvl).

283 958 493 1001 LXXIII.
541 958 724 1001 Domino
762 963 906 1001 saneto
938 963 975 1000 ct
1010 961 1053 1000 in
1089 959 1260 1002 Christo
1299 960 1605 1000 ‹lacinctissimo
1642 959 1778 1011 fratrc
1813 961 1946 1011 (r'refyo
1987 960 2111 1000 ‹liaru
2146 960 2347 1000 Jonas-tus.

142 1028 392 1070 Honoratus
422 1028 561 1080 officio
593 1032 664 1069 tuo
697 1029 807 1084 (FA.
841 1029 1008 1084 XVII).

283 1097 378 1138 Has
412 1097 620 1153 epistulas
654 1098 705 1138 A.
742 1097 940 1140 Schoene
975 1113 1011 1140 v.
1046 1112 1081 1140 c.
1116 1097 1312 1139 contulit.

282 1166 391 1208 Cum
437 1168 612 1209 saeculo
653 1167 718 1208 IX
749 1168 862 1211 med.
895 1167 1174 1210 Gothescalei
1213 1167 1601 1224 praedestinatiani
1636 1180 1768 1207 causa
1798 1170 2076 1207 tractaretur.
2122 1167 2346 1207 refutaturi

139 1251 237 1279 eum
270 1236 324 1278 ad
356 1236 511 1278 Lucidi
543 1236 789 1278 decessoris
814 1238 906 1279 eius
932 1237 1158 1278 historiam
1181 1241 1470 1278 recurrerunt.
1532 1236 1585 1277 Ut
1607 1235 1878 1286 manifestum
1898 1237 1988 1286 siat,
2021 1236 2123 1287 quia
2146 1236 2351 1287 quamam.

138 1307 211 1347 visti
248 1306 436 1348 moderni
465 1306 858 1358 praedestinatiani
895 1307 1060 1357 dicunt,
1111 1320 1218 1359 quae
1257 1309 1294 1347 ct
1334 1309 1485 1347 veteres
1522 1305 1721 1346 haeretici
1761 1308 1859 1345 (tute
1897 1305 2115 1354 ‹lia-erunt,
2159 1306 2351 1358 integi-:is

139 1376 291 1418 Fausti
328 1375 568 1430 Lucidique
609 1376 821 1431 epistulas
865 1375 955 1417 FA.
989 1375 1158 1417 XVIII.
1193 1375 1302 1416 XIX
1347 1374 1497 1416 codice
1537 1374 1700 1429 optimo
1744 1387 1848 1414 usus
1889 1372 2150 1414 IIinemarus
2191 1373 2348 1415 disser-

139 1445 294 1487 tationi
326 1445 555 1501 posteriori
588 1445 641 1487 de
675 1445 1078 1501 praedestinatione
1123 1445 1191 1486 dei
1225 1449 1268 1486 et
1301 1444 1438 1485 libero
1471 1443 1651 1484 arbitrio
1694 1442 1903 1484 adversus
1937 1441 2275 1484 G0t110ffl2=alffl1m
2309 1450 2351 1484 et

139 1519 305 1557 ceteros
342 1514 765 1570 praedestinatianos
800 1513 986 1570 (Migne,
1020 1514 1182 1556 Patrol.
1216 1514 1314 1555 Lat.
1350 1512 1530 1561 CXXV.
1564 1527 1604 1568 p.
1637 1512 1708 1566 79)
1753 1512 1951 1556 inseruit.
1986 1513 2235 1567 praemissis
2269 1513 2350 1552 liis:

139 1583 212 1625 Ad
241 1584 365 1626 cuius
396 1583 508 1638 (scil.
542 1583 780 1625 Caelestini
814 1584 972 1640 papae)
1006 1583 1233 1625 iussionem
1256 1582 1472 1635 praedicti
1507 1581 1751 1623 Galliarum
1773 1581 1954 1633 episcopi
1975 1581 2179 1634 synodum
2200 1582 2352 1622 luibae-

138 1657 240 1695 runt
278 1656 317 1694 ct
346 1652 591 1694 huiusmodi
611 1667 747 1706 prave
777 1654 1000 1695 sentientes
1030 1657 1108 1694 aut
1151 1653 1438 1706 resipiscentes
1459 1652 1622 1704 pietate
1661 1651 1939 1692 ecclesiastica
1970 1651 2218 1703 reyulmw'ler
2248 1667 2354 1692 reee-

129 1726 291 1776 perunt
321 1725 399 1764 aut
429 1723 477 1763 in
512 1737 593 1764 sua
628 1722 821 1764 vecordia
858 1726 896 1764 et
928 1723 1078 1775 pravis
1117 1722 1306 1763 sensibus
1337 1721 1610 1774 persistentes
1648 1719 1874 1772 episcopali
1917 1724 2042 1773 atquc
2083 1720 2285 1761 catholiea
2318 1724 2354 1761 el

138 1791 368 1845 apostolica
399 1793 652 1834 (tuctoritate
689 1807 718 1834 a
758 1793 963 1834 consortio
1002 1791 1192 1844 fidelium
1231 1793 1565 1844 scyreyavcrimt,
1607 1790 1717 1831 sieut
1754 1789 1935 1841 epistula
1975 1789 2167 1830 a-nu'ealis
2198 1790 2356 1830 Faus-u

138 1862 196 1904 acl
226 1862 439 1904 Lucidum
465 1863 752 1917 presbyterum
783 1865 821 1904 et
852 1861 1012 1904 libellus
1033 1862 1216 1903 eiusclcm
1240 1861 1475 1915 presbyteri
1496 1860 1654 1901 Lucicli
1679 1860 1722 1900 in
1743 1859 1898 1912 simodo
1912 1862 2134 1911 porrectus
2155 1859 2356 1910 episeopis

138 1935 279 1985 aperte
310 1932 587 1974 demonstrat:
623 1946 731 1985 quae
769 1935 969 1985 utraque,
1002 1935 1040 1973 et
1071 1930 1295 1984 epistulam
1326 1930 1482 1971 scilicet
1513 1933 1551 1971 ct
1581 1929 1849 1970 correctionis
1880 1928 2072 1978 libellum,
2105 1929 2162 1969 (ul
2191 1929 2355 1969 ‹lemon-

137 2001 364 2043 stranclum
396 2001 457 2042 rei
487 2001 652 2043 evidens
682 2001 994 2051 documentum,
1037 2001 1141 2053 quia
1179 2015 1264 2041 non
1303 1999 1548 2052 quaerimus
1585 1998 1634 2039 (lc
1663 1998 1879 2039 mendacio
1911 2001 2100 2039 astruere
2133 1999 2355 2047 ceritatem,

138 2071 207 2113 liic
228 2071 410 2112 inserere
432 2071 714 2113 necessarium
736 2071 949 2112 (luximus.
1019 2070 1314 2112 Caelestinum
1349 2083 1507 2125 papam
1531 2069 1759 2123 aequalem
1782 2067 1934 2108 Lucidi
1969 2068 2069 2108 fecit
2093 2067 2354 2108 Ilincniarus

142 2155 308 2188 errore;
343 2141 517 2196 scripsit
536 2140 710 2197 quidem
732 2140 805 2182 ille
830 2147 981 2183 contra
1004 2140 1439 2197 praedestinatianos,
1460 2137 1536 2180 sed
1558 2138 1694 2178 multo
1718 2142 1817 2178 ante
1837 2136 2049 2178 Lucidum
2072 2137 2354 2178 haereticum.

139 2210 379 2252 Praeterea
401 2210 663 2252 Hincmarus
686 2211 829 2252 locum
858 2211 1073 2266 epistulae
1105 2210 1195 2251 FA.
1215 2208 1324 2250 XIV
1348 2223 1369 2249 e
1404 2207 1548 2249 codice
1579 2207 1614 2248 P
1639 2207 1766 2247 simili
1796 2206 1961 2261 (Migne
1983 2205 2160 2247 CXXV.
2195 2220 2234 2260 p.
2254 2207 2353 2259 372)

139 2281 302 2332 attulit,
336 2280 445 2322 haec
478 2280 531 2322 de
554 2280 717 2322 Fausto
752 2281 993 2337 praefatus:
1046 2279 1162 2323 Unde
1200 2279 1258 2320 acl
1294 2278 1527 2328 Faustum,
1569 2277 1713 2330 (cuius
1744 2275 1945 2328 offla-cula
1978 2275 2087 2316 inter
2117 2274 2354 2327 apocrypha

141 2349 372 2402 apostolica
401 2350 516 2391 sedes
547 2350 748 2403 deputare
779 2351 962 2401 curavit,
1002 2350 1200 2403 quoniam
1241 2363 1335 2389 cum
1372 2347 1472 2388 aliis
1502 2346 1740 2388 malesanae
1772 2345 1986 2387 doctrinae
2022 2345 2201 2386 ,zizaniis
2231 2345 2355 2385 eliam

139 2419 189 2461 (le
219 2419 372 2461 ultima
392 2420 663 2472 paenitentia
693 2435 828 2473 prave
867 2420 1173 2469 disseminavit,
1216 2419 1327 2460 sicut
1364 2417 1525 2469 scripta
1564 2416 1655 2458 cius
1693 2416 1996 2464 demonstrant,
2038 2429 2144 2466 (Jeme
2183 2417 2356 2455 sanctus

145 2487 407 2531 Caelestinus
443 2490 502 2531 acl
532 2490 742 2543 episcopos
776 2490 1022 2532 Gallicanos
1052 2489 1236 2531 scribens
1266 2487 1502 2541 reclamant,
1546 2489 1594 2527 ut
1635 2486 1678 2527 in
1708 2485 1799 2526 cius
1830 2483 2028 2525 decretali
2057 2484 2261 2536 scriptum
2294 2484 2355 2523 iu-

141 2558 310 2600 venitur
340 2559 553 2614 epistula),
585 2560 760 2613 quidam
798 2560 1016 2602 Paulinus
1045 2559 1109 2600 ita
1138 2558 1297 2600 scribit.

286 2628 508 2671 Posterior
539 2630 754 2686 epistulae
788 2629 878 2671 FA.
901 2629 988 2671 XX
1020 2643 1120 2685 pars
1153 2627 1252 2669 inde
1287 2641 1311 2668 a
1344 2626 1490 2668 verbis
1515 2624 1733 2678 praecipis
1762 2627 1810 2664 ut
1840 2623 2107 2677 respondeam
2131 2621 2352 2663 codicibus

143 2697 374 2740 Claudiani
405 2699 608 2741 Mamerti
644 2700 840 2756 praefixa
879 2703 947 2741 est
986 2712 1127 2753 neque
1166 2702 1313 2739 tamen
1351 2710 1376 2737 a
1416 2695 1626 2751 scriptore
1667 2694 1779 2749 ipso.
1825 2707 1951 2748 quem
1990 2696 2158 2734 constat
2195 2692 2353 2746 legisse

141 2768 358 2824 integram
381 2769 630 2825 epistulam.
663 2774 792 2826 prout
813 2770 855 2811 in
880 2769 918 2811 G
942 2773 1100 2811 exstat.
1148 2767 1351 2809 Mamerti
1374 2765 1555 2816 codices,
1590 2779 1612 2806 e
1636 2764 1792 2819 quibus
1817 2762 2005 2818 optimus
2028 2766 2093 2803 est
2115 2761 2356 2816 Lipsiensis

141 2853 181 2880 n.
214 2839 310 2890 286,
350 2852 464 2882 saec.
497 2839 576 2890 XI,
627 2853 954 2895 nonnumquam
1005 2839 1120 2880 solus
1161 2851 1257 2879 cum
1291 2835 1331 2877 G
1363 2833 1648 2883 concordans,
1691 2832 1857 2873 habent
1895 2846 2004 2886 quae
2045 2831 2078 2871 is
2119 2830 2275 2871 omittit
2316 2833 2357 2870 et

144 2922 168 2949 e
203 2909 434 2959 contrario,
466 2912 514 2950 ut
544 2913 776 2965 utrumque
810 2909 1021 2950 librorum
1054 2921 1194 2963 genus
1230 2920 1328 2947 sese
1351 2905 1532 2945 invicem
1557 2903 1748 2957 expleat.
1810 2901 1879 2942 Ad
1911 2905 2101 2942 nostram
2133 2913 2221 2940 rem
2246 2912 2354 2952 quae

142 2977 308 3019 faciunt
337 2978 600 3021 Mamertina
628 2980 795 3035 sumpsi
827 2994 883 3021 ex
915 2978 1104 3020 editione
1136 2976 1340 3018 Mamerti
1371 2973 1785 3029 Engelbrechtiana.

287 3046 358 3088 Ex
389 3046 456 3088 his
490 3048 687 3103 epistulis
720 3047 925 3103 princeps
964 3046 1055 3087 FA.
1088 3045 1175 3086 XX
1213 3044 1357 3085 lucem
1390 3042 1517 3093 vidit,
1561 3040 1638 3082 sed
1669 3041 1882 3098 principio
1916 3040 2144 3089 destituta,
2183 3037 2357 3092 qualem

145 3115 322 3158 codices
356 3116 662 3158 Claudiani
697 3116 962 3158 Mamerti
998 3115 1285 3171 praebebant.
1353 3112 1546 3154 Primum
1578 3111 1779 3152 Basileae
1813 3125 1924 3152 anno
1962 3111 2081 3160 1520,
2115 3123 2154 3163 p.
2189 3108 2351 3146 25—31

146 3186 189 3226 in
223 3185 412 3229 editione
447 3186 678 3228 Claudiani
711 3201 737 3227 a
768 3187 898 3228 Petro
931 3185 1174 3227 Mosellano
1216 3182 1462 3237 recognita,
1504 3180 1738 3222 novissime
1780 3180 1823 3220 in
1866 3179 2058 3234 Corpore
2101 3177 2354 3231 scriptorum

147 3256 544 3298 ecclesiastieorum
576 3256 830 3297 Latinorum
862 3253 1193 3296 Vindobonensi
1231 3253 1345 3293 inter
1384 3250 1613 3292 Claudiani
1656 3264 1789 3305 opera
1825 3263 1865 3304 p.
1900 3249 2038 3288 3—17
2073 3246 2126 3288 ab
2160 3246 2357 3299 Augusto

148 3325 447 3382 Engelbrecht
480 3341 518 3369 a.
555 3327 663 3368 1885
696 3325 914 3367 recensita
947 3324 1117 3380 prodiit.
1180 3322 1266 3363 Hic
1299 3335 1395 3363 eam
1427 3321 1643 3374 integram
1676 3318 1795 3360 dedit
1828 3333 1883 3359 ex
1907 3317 2053 3358 codiee
2078 3315 2116 3356 G
2139 3312 2356 3355 nonnullis

146 3395 248 3437 locis
282 3396 422 3437 minus
455 3399 659 3437 accurate
692 3396 862 3448 collato,
896 3409 1003 3450 quos
1035 3391 1287 3448 singillatim
1320 3391 1528 3432 adnotare
1559 3389 1692 3431 nolui.

290 3464 362 3506 Ad
393 3465 504 3506 hanc
537 3469 742 3521 quattuor
769 3479 877 3520 quas
911 3463 1050 3505 codex
1081 3462 1116 3503 P
1146 3461 1328 3517 praebet
1350 3459 1566 3515 epistulae
1591 3460 1871 3499 accesserunt
1901 3470 2003 3497 eura
2026 3454 2094 3510 (P.
2118 3451 2357 3505 Pitheci),

146 3532 355 3575 Veterum
388 3535 552 3590 aliquot
579 3534 750 3576 Galliae
783 3534 1086 3588 theologorum
1118 3530 1298 3585 scripta,
1330 3528 1510 3570 Parisiis
1541 3529 1670 3577 1586.
1704 3527 1775 3568 fol.
1804 3526 2053 3575 mir—141,
2094 3522 2183 3563 FA.
2214 3519 2357 3561 XVII.

147 3601 269 3642 XIV.
300 3602 386 3644 XV
418 3602 608 3658 (omissis
643 3617 740 3643 eum
772 3601 920 3642 codice
955 3599 1162 3641 extremis
1195 3613 1233 3653 p.
1269 3598 1365 3648 282,
1401 3596 1546 3651 5—9).
1578 3595 1702 3637 XVI.

291 3671 511 3727 Epistulas
547 3671 702 3713 Fausti
740 3669 981 3725 Lucidique
1014 3669 1104 3709 FA.
1136 3665 1309 3708 XVIII.
1342 3665 1454 3706 XIX
1487 3679 1509 3707 e
1544 3664 1692 3706 codiee
1730 3663 1990 3717 interpolato
2032 3659 2164 3701 edidit
2200 3659 2355 3699 Baro-

149 3741 286 3793 nius,
333 3741 529 3783 Annales
570 3740 875 3792 ecclesiastici,
916 3739 1080 3780 Romae
1117 3738 1246 3788 1595,
1288 3739 1388 3776 tom.
1420 3734 1505 3786 VI,
1544 3748 1585 3789 p.
1620 3733 1858 3774 446—447.
1933 3728 2175 3784 Epistulam
2208 3726 2357 3767 Fausti

2393 1163 2438 1207 ΙΙ

2391 2613 2453 2658 M
