2583 4011
175 159 255 198 408

394 267 644 311 SIDONH
673 267 1024 310 CARMINUM

174 338 257 372 xx‘l
272 339 292 372 6
312 351 318 371 ;
345 336 407 380 qui
434 336 518 379 (scil.
546 335 712 380 spiritus)
739 337 889 379 pectora
914 335 1054 379 priscae

345 392 491 428 intrasti
509 392 657 428 Mariae.
673 392 819 437 rapiens
834 404 916 428 cum
931 394 1109 437 tympana
1125 403 1149 426 c.
1164 403 1195 435 (1.
1209 403 1235 425 3.

173 633 254 666 xx]
271 633 288 666 ἶ
304 644 397 675 sqq:
424 631 570 676 rapiens
596 643 678 665 euni
705 632 883 675 tympana
909 630 1024 664 siccus

423 689 531 723 lsrael
558 687 710 733 appensi
732 688 786 730 (ef.
805 698 832 721 c.
850 687 973 729 1'541)
994 697 1059 731 per
1075 698 1235 722 concava

513 745 672 789 gurgitis
699 745 769 779 iret

413 803 612 847 aggeribus
626 802 786 836 vallatus
804 812 922 845 aquae
939 801 1150 846 mediasque
1171 814 1236 847 per

513 859 629 893 undas

415 917 671 961 pulverulenta
683 917 786 950 tuum
799 916 975 950 clamaret
986 915 1095 950 turba
1106 914 1234 950 trium-

516 973 639 1017 phum.

361 1031 403 1072 cs.
422 1030 514 1064 ΑΓΗ.
535 1030 564 1063 Υ
580 1030 646 1065 ’592
660 1040 727 1072 sqq.

173 1280 250 1313 XV!
275 1282 307 1314 ll
325 1292 399 1323 ssp:
427 1280 564 1324 quique
591 1291 741 1313 manum
766 1278 893 1312 Iudith
918 1279 1112 1313 ferientem
1139 1278 1234 1313 colla

517 1336 701 1371 Olofernis

427 1394 570 1434 11111311,
608 1393 728 1428 exciso
765 1392 881 1427 iacuit
916 1403 997 1427 cum
1035 1394 1187 1436 gutture

523 1453 673 1485 truncus
699 1462 725 1485 e.
743 1462 772 1495 q.
792 1462 818 1485 s.

170 1521 249 1554 XV!
272 1522 310 1555 11
324 1532 392 1564 sqq.
414 1533 420 1554 ε
449 1530 617 1564 expresso
643 1519 702 1553 vel
728 1519 791 1564 qui
818 1519 1005 1564 complens
1031 1519 1076 1553 de
1096 1519 1232 1554 vellere

540 1577 682 1621 pelvem

447 1634 685 1678 inficiensque
716 1633 847 1668 dehinc
872 1645 945 1669 non
971 1635 1070 1669 tacto
1097 1634 1231 1669 vellere

538 1693 674 1726 terram

452 1749 603 1783 firmasti
618 1748 802 1789 Gedeomr,
819 1748 917 1782 tubis
935 1748 1071 1782 inserte
1086 1747 1229 1782 canoris

449 1805 600 1850 spiritus
625 1807 679 1849 (et
701 1805 778 1840 solo
798 1805 900 1840 venit
917 1804 1072 1840 victoria
1089 1805 1228 1848 cantu).

170 2044 248 2078 xx]
269 2047 309 2079 1⁷5
323 2056 419 2089 31ης
446 2045 583 2090 quique
629 2045 742 2080 etiam
789 2045 1026 2090 adsumptum
1062 2043 1227 2089 pecorosi

532 2104 588 2145 (cf.
615 2104 649 2137 Π
667 2103 760 2146 2,19)
786 2102 831 2136 (10
856 2113 968 2147 grege
995 2103 1089 2136 Iesse

439 2159 575 2193 afflasti
602 2170 742 2203 regem,
776 2160 941 2204 plaustro
964 2171 1046 2194 cum
1071 2159 1228 2194 foederis

535 2228 658 2251 arcam

440 2273 632 2319 imponens
662 2284 688 2309 e.
706 2285 736 2317 (1.
753 2284 779 2308 3.
816 2273 1008 2317 (Sidonius
1045 2274 1139 2309 duas
1174 2284 1230 2309 res

531 2331 740 2365 commiscuit
770 2331 949 2366 memoriae
977 2342 1092 2366 errore
1116 2331 1229 2376 impli-

533 2389 660 2429 catus).

412 2457 418 2477 :
445 2444 610 2488 plaustro
635 2457 717 2479 cum
742 2445 898 2480 foederis
924 2457 1046 2480 arcam

441 2501 633 2546 imponens
658 2502 774 2537 hostis
799 2503 902 2538 nullo
924 2503 1139 2538 moderante
1164 2503 1230 2538 bu-

533 2559 641 2593 bulco

440 2615 611 2660 proderet
644 2616 864 2650 obscaenum
898 2617 1064 2662 turgenti
1098 2618 1229 2662 podice

532 2673 710 2708 morbum.

444 2730 580 2774 quique
613 2730 726 2764 trium
757 2731 943 2775 quondam
970 2743 1165 2776 puerorum
1191 2733 1230 2767 in

531 2789 635 2822 fauce
662 2788 813 2829 sonasti,

441 2856 531 2888 quos
569 2844 607 2878 in
644 2844 819 2879 Chaldaei
857 2845 995 2890 positos
1033 2848 1178 2881 fornace

534 2901 685 2945 tyranni

442 2958 583 2993 roscida
620 2959 810 2994 combusto
846 2959 1045 2994 madefecit
1082 2960 1230 2995 flamma

532 3016 687 3051 camino.

396 3076 438 3115 cs.
459 3073 606 3113 x'11‹;‚4.

170 3130 248 3163 XV]
268 3133 311 3165 ’.ἐ-’1
323 3142 421 3174 sqq.:
448 3130 586 3174 quique
618 3130 842 3164 volubilibus
878 3131 1103 3176 spatiantem
1135 3134 1229 3166 trac-

534 3187 633 3220 tibus
659 3186 733 3220 alvi

440 3243 630 3288 complesti
646 3244 784 3284 Ionam.
802 3245 975 3279 resonant
989 3243 1075 3279 dum
1091 3245 1230 3280 viscera

534 3300 689 3335 monstri

546 3369 655 3402 quem
687 3385 717 3392 ..

531 3426 664 3449 morsu.

171 3474 416 3517 XVlb'lsqq.:
443 3472 580 3517 quique
621 3471 757 3515 duplex
798 3471 982 3514 quondam
1018 3472 1152 3507 venisti
1191 3472 1230 3506 in

534 3531 664 3574 pectus
689 3527 838 3569 Helisei,

442 3587 643 3621 Thesbiten
682 3597 763 3620 cum
800 3586 893 3619 forte

535 3644 723 3677 flammeus
749 3642 827 3676 axis

169 2441 249 2475 xvi
270 2444 308 2477 15·
322 2455 392 2486 sqq.

170 2727 250 2761 XVI
266 2731 309 2762 22
323 2741 391 2773 sqq.
410 2741 417 2762 Ξ

750 3357 892 3392 vomuit
917 3369 1091 3403 suspenso
1120 3359 1230 3393 belua

929 3596 1051 3618 senem
1088 3585 1162 3619 iam

1112 152 1221 187 nom
1247 135 1433 186 3111111113

1307 330 1425 366 Emori.
1451 330 1518 370 XV
1531 331 1578 365 20
1589 340 1638 374 sq.
1657 342 1664 364 :
1690 329 1848 374 sumpsit
1871 340 1958 375 ergo
1985 329 2104 366 Maria
2124 331 2368 376 prophetissa,

1351 398 1452 422 soror
1476 388 1610 429 Aaron,
1635 388 1854 431 tympanum
1880 386 1919 420 in
1944 398 2056 422 manu
2082 399 2158 430 sua,
2185 399 2368 434 egressae-

1351 455 1422 489 que
1456 446 1543 479 sunt
1575 454 1700 479 omnes
1734 443 1906 479 mulieres
1939 446 2024 489 post
2059 456 2140 480 eam
2165 456 2248 480 011111
2273 446 2369 489 tym-

1352 502 1458 546 panis
1480 503 1518 536 et
1535 501 1664 543 choris,
1691 500 1825 546 quibus
1841 501 2082 545 praecinebat
2099 501 2224 537 dicens
2241 513 2249 536 ε
2276 501 2369 536 Can·

1351 560 1470 593 temus
1495 558 1644 593 domino
1670 569 1697 593 e.
1715 568 1745 602 q.
1764 568 1790 591 3.

1305 627 1416 662 Prud.
1435 627 1555 672 psyeh.
1570 626 1638 662 652
1650 637 1745 670 sqq:
1771 636 1843 661 non
1871 626 1980 661 aliter
2006 626 2142 662 00011111
2159 626 2370 670 respectans

1351 684 1469 719 victor
1501 683 1667 718 hiantem
1702 683 1816 717 Israel
1846 682 1986 717 rabiem
2018 683 2123 728 ponti
2156 683 2240 728 post
2264 683 2371 727 terga

1350 740 1521 782 minacis,
1559 751 1642 774 cum
1681 739 1754 774 iam
1791 739 2031 784 progrediens
2068 740 2229 774 calcaret
2259 739 2371 774 litora

1352 797 1447 832 sicco
1472 797 1650 832 ulteriora
1675 797 1769 842 pede
1787 796 2019 841 stridensque
2045 808 2110 842 per
2134 796 2272 831 extima
2298 796 2371 831 cal-

1352 854 1403 890 cis
1438 865 1542 889 mons
1572 856 1695 889 rueret
1728 853 1926 899 pendentis
1959 865 2078 898 aquae
2226 853 2370 898 relapso

1351 911 1501 957 gurgite
1541 938 1574 945 ..
1593 938 1600 946 .
1638 923 1680 946 ac
1720 939 1727 947 .
1746 938 1754 946 .
1774 939 1781 947 .
1819 910 1919 946 unda
1956 938 1963 946 .
1982 938 2015 947 ..
2046 911 2165 946 nudas
2196 921 2371 956 praeceps

1352 968 1514 1014 operiret
1552 968 1721 1003 harenas.
1777 967 1947 1003 Pulsavit
1978 978 2108 1003 resono
2140 967 2373 1003 modulantia

1351 1026 1532 1070 tympana
1557 1025 1698 1069 plectro
1730 1024 1841 1059 turba
1871 1024 1930 1059 dei
1957 1024 2145 1059 celebrans
2170 1024 2304 1059 mirum
2329 1035 2372 1059 ac

1350 1081 1588 1116 memorabile
1613 1081 1742 1117 saeclis
1767 1081 2034 1127 omnipotentis
2066 1076 2176 1127 opus,
2209 1081 2372 1126 liquidas

1351 1138 1449 1173 inter
1473 1139 1568 1173 freta
1592 1139 1692 1184 ripas
1719 1150 1745 1174 e.
1765 1150 1795 1183 q.
1813 1150 1839 1174 3.

1351 1207 1470 1242 Exod.
1490 1207 1576 1242 XIV
1590 1207 1633 1242 21
1646 1218 1718 1252 sqq.
1743 1207 1811 1241 XV
1827 1208 1845 1241 1
1859 1218 1929 1252 sqq.

1305 1275 1439 1310 Imlith.
1465 1276 1554 1310 XIII
1569 1276 1636 1311 10:
1663 1275 1845 1320 percussit
1871 1275 2025 1319 (Iudith)
2052 1275 2108 1309 bis
2133 1275 2173 1309 in
2191 1273 2370 1309 cervicem

1350 1332 1427 1368 eius
1453 1333 1538 1377 (scil.
1557 1333 1781 1378 Holofernis)
1808 1334 1845 1367 et
1869 1331 2030 1367 abscidit
2054 1333 2168 1377 caput
2193 1331 2270 1366 eius
2293 1359 2323 1367 ..
2339 1359 2346 1366 .
2363 1359 2370 1366 .

1351 1391 1388 1424 et
1414 1390 1552 1425 evolvit
1577 1401 1708 1434 corpus
1735 1389 1813 1424 eius
1839 1391 2023 1425 truncum.

1303 1516 1419 1551 Iuclic.
1439 1516 1491 1551 VI
1503 1517 1548 1552 36
1561 1527 1630 1560 sqq.
1657 1529 1664 1551 :
1697 1515 1867 1560 dixitque
1903 1515 2052 1551 Gedeon
2087 1514 2134 1549 ad
2172 1513 2282 1549 deum
2315 1541 2322 1548 .
2363 1541 2371 1548 .

1349 1584 1486 1617 ponam
1518 1573 1587 1607 hoc
1611 1573 1729 1608 vellus
1755 1573 1863 1607 lanae
1893 1572 1932 1607 111
1957 1583 2042 1607 area
2067 1599 2098 1608 ..
2113 1599 2121 1608 .
2138 1586 2160 1615 .;
2193 1571 2224 1606 si
2248 1582 2306 1606 ros
2331 1571 2371 1606 in

1348 1630 1425 1664 solo
1450 1630 1585 1665 vellere
1603 1630 1716 1665 fuerit
1741 1631 1779 1665 et
1803 1630 1843 1664 in
1867 1629 1967 1664 omni
1992 1631 2090 1664 terra
2108 1629 2254 1664 siccitas
2280 1655 2372 1664 .....

1348 1687 1397 1722 Et
1434 1687 1479 1722 de
1510 1689 1620 1722 nocte
1651 1698 1877 1732 consurgens
1911 1698 2080 1732 expresso
2115 1687 2250 1721 vellere
2287 1697 2372 1721 con-

1351 1745 1458 1779 cham
1482 1756 1563 1780 rore
1580 1744 1763 1789 implevit.
1811 1743 1988 1788 Dixitque
2013 1755 2136 1778 rursus
2162 1743 2209 1778 ad
2233 1743 2342 1778 deum
2363 1762 2370 1784 :

1452 1802 1523 1838 Oro
1556 1804 1599 1837 ut
1631 1802 1749 1837 solum
1782 1802 1899 1836 vellus
1932 1801 2067 1836 siccum
2101 1801 2150 1836 sit
2183 1801 2220 1835 et
2250 1799 2368 1835 omnis

1346 1862 1445 1894 terra
1481 1871 1562 1895 rore
1593 1859 1745 1894 madens
1778 1870 1804 1894 e.
1821 1870 1851 1903 q.
1868 1870 1894 1893 3.
1941 1857 2074 1894 V1122
2100 1871 2107 1893 :
2141 1857 2366 1892 insistebant

1344 1917 1502 1952 trecenti
1539 1917 1610 1952 viri
1647 1916 1792 1952 bucinis
1826 1917 2077 1961 personantes.
2134 1914 2365 1958 Immisitque

1345 1974 1515 2010 dominus
1541 1974 1707 2020 gladium
1732 1973 1772 2008 in
1797 1973 1967 2009 omnibus
1992 1972 2121 2008 castris
2144 1983 2170 2007 e.
2188 1982 2218 2016 (χ.
2236 1982 2263 2006 3.

1302 2043 1388 2087 Rea.
1412 2043 1529 2085 116,3
1549 2054 1617 2087 sqq.
1651 2056 1658 2078 ε
1696 2042 1953 2088 imposuerunt
1991 2053 2115 2077 arcam
2151 2041 2210 2076 dei
2255 2051 2365 2085 super

1344 2101 1553 2146 plaustrum
1584 2111 1721 2135 novum
1754 2127 1785 2135 ..
1803 2127 1810 2134 .
1829 2127 1836 2135 .
1867 2099 1987 2134 David
2016 2100 2145 2134 'autem
2179 2100 2216 2134 et
2245 2097 2363 2134 omnis

1345 2158 1458 2192 Israel
1482 2157 1664 2192 ludebant
1689 2168 1810 2192 coram
1836 2156 1984 2192 domino
2009 2167 2035 2191 e.
2052 2167 2081 2201 q.
2099 2168 2125 2191 3.

1302 2447 1384 2490 Rey.
1407 2446 1492 2490 15,ss
1504 2445 1587 2489 smil
1609 2457 1616 2479 :
1642 2444 1987 2489 computrescebant
2019 2442 2270 2488 prominentes
2302 2453 2362 2476 ex-

1345 2503 1449 2537 tales.
1503 2503 1588 2543 16ss
1601 2512 1648 2545 sq.
1678 2502 1781 2545 llsq.
1807 2513 1814 2535 ε
1847 2503 1884 2535 01
1915 2501 2119 2546 posuerunt
2148 2511 2271 2534 arcam
2303 2498 2361 2534 dei

1345 2571 1455 2604 super
1488 2559 1695 2605 plaustrum
1729 2584 1760 2592 ..
1786 2585 1793 2592 .
1818 2557 1930 2592 Ibant
1961 2559 2085 2592 autem
2118 2556 2157 2591 in
2182 2556 2363 2592 directum

1345 2627 1478 2651 vaccae
1501 2627 1525 2651 e.
1546 2626 1577 2660 q.
1594 2627 1621 2651 3.

1299 2730 1442 2765 Daniel.
1468 2731 1603 2765 11124:
1629 2731 1666 2764 et
1691 2729 1936 2764 ambulabant
1967 2729 2007 2763 in
2039 2730 2160 2765 medio
2194 2729 2362 2764 flammae

1346 2788 1541 2822 laudantes
1575 2787 1694 2822 deum.
1750 2787 1856 2822 ib.48
1869 2798 1948 2831 sq.:
1980 2787 2149 2822 incendit
2185 2786 2361 2831 (flamma)

1345 2856 1436 2889 quos
1462 2844 1600 2889 reperit
1624 2845 1728 2880 iuxta
1753 2846 1938 2880 fornacem
1970 2844 2015 2878 de
2040 2843 2245 2879 Chaldaeis.
2287 2844 2362 2878 An-

1345 2903 1451 2947 gelus
1483 2904 1608 2937 autem
1641 2902 1781 2937 domini
1814 2930 1821 2937 .
1839 2929 1868 2937 ..
1894 2901 1982 2936 fecit
2013 2901 2175 2936 medium
2204 2899 2363 2935 fornacis

1346 2959 1451 3004 quasi
1477 2961 1627 2994 ventum
1655 2959 1746 2995 roris
1771 2960 1933 2994 flantem.

1300 3131 1377 3165 Ion.
1404 3131 1498 3165 112:
1525 3130 1646 3165 oravit
1676 3130 1783 3165 Ionas
1819 3129 1866 3164 ad
1891 3129 2081 3165 dominum
2115 3130 2223 3164 deum
2255 3140 2362 3164 suum

1345 3188 1390 3222 dc
1416 3189 1543 3222 ventre
1568 3187 1688 3232 piscis.
1728 3187 1772 3221 ib.
1794 3187 1833 3221 11
1853 3200 1860 3221 ε
1886 3188 1924 3221 et
1948 3186 2044 3222 dixit
2062 3187 2230 3222 dominus
2258 3185 2361 3231 pisci,

1347 3247 1384 3280 et
1410 3245 1573 3280 evomuit
1597 3245 1724 3279 Ionam
1749 3244 1788 3278 in
1812 3243 1965 3278 aridam.

1302 3471 1387 3515 Ray.
1401 3471 1454 3505 III
1466 3470 1567 3510 21,17
1585 3483 1592 3504 :
1610 3469 1728 3503 Eliam
1743 3469 1956 3503 Thesbiten.
1982 3469 2035 3503 III
2048 3468 2161 3510 2128.
2188 3468 2238 3502 IV
2253 3468 2315 3509 1‚3.
2329 3468 2361 3502 8.

1345 3528 1396 3562 IV
1409 3528 1490 3568 2,9;
1517 3526 1687 3571 dixitque
1712 3518 1877 3561 Elise‘us:
1905 3526 2061 3561 Obsecro
2088 3527 2129 3560 ut
2153 3526 2219 3559 fiat
2242 3524 2281 3559 in
2304 3536 2362 3560 me

1347 3585 1483 3629 duplex
1514 3583 1667 3629 spiritus
1706 3585 1791 3618 tuus
1823 3583 1910 3626 (scil.
1942 3582 2071 3625 Eliae).
2120 3582 2162 3616 ib.
2183 3583 2223 3616 11
2245 3595 2252 3616 :
2278 3593 2361 3616 0000

1347 3654 1472 3678 currus
1489 3641 1619 3686 igneus
1645 3642 1683 3675 et
1700 3640 1785 3684 equi
1810 3639 1911 3685 ignei
1938 3666 1945 3674 .
1962 3667 1991 3675 ..
2018 3641 2055 3674 et
2071 3639 2239 3674 ascendit
2263 3638 2361 3673 Elias
