2583 4011
1164 173 1348 207 LEONIS.
2267 176 2364 208 XXV

154 297 304 348 aperte
329 306 431 347 prae
457 306 503 332 se
528 291 685 337 ferunt,
711 294 756 331 ut
780 290 881 344 quin
906 288 959 329 de
984 288 1182 328 omnibus
1207 288 1358 328 eadem
1384 289 1550 328 ratione
1577 287 1848 328 iudicandum
1872 290 1923 328 sit
1947 289 2134 330 dubitari
2162 295 2362 343 nequeat.

155 375 233 416 per
265 376 311 402 se
342 375 447 402 sane
481 360 566 400 tria
598 359 671 399 illa
703 358 999 399 additamenta
1033 371 1117 397 non
1152 357 1289 396 solum
1314 357 1458 397 stilum
1484 356 1767 396 Sidonianum
1793 366 1994 397 aveni-arv
2021 358 2253 400 imitantur.
2290 358 2363 397 sed

156 429 416 480 secundum,
460 442 642 484 quocum
677 426 940 481 iungendum
980 431 1048 467 est
1080 425 1337 466 vocabulum
1371 425 1604 465 Ricimeris
1647 424 1784 464 cidem
1820 426 2031 479 epistulm⁵
2067 441 2102 480 1¹-
2130 429 2195 470 -15,
2214 429 2266 465 215
2303 427 2362 466 in-

155 503 336 549 sertum,
385 498 522 553 primo
569 497 722 538 obtutu
762 496 914 537 referri
956 499 1139 549 possunt
1191 493 1243 534 ad
1297 508 1348 535 ea
1390 508 1501 548 quac
1545 493 1597 533 ‹le
1638 493 1805 533 foi-tinu-
1844 495 1967 533 fau-tis
2012 494 2171 534 l·]‹·‹li‹·ii
2216 495 2363 535 omum

154 566 261 607 libro
295 566 354 622 (p.
375 565 534 620 4214)
569 570 797 606 narrantur
829 564 1000 604 sublata
1041 578 1094 603 ex
1135 564 1243 603 libro
1277 566 1521 603 11‹1›strorum
1555 562 1793 617 archetypo
1835 568 1876 602 et
1911 562 2066 602 deind«-v
2101 579 2154 603 vx
2190 564 2362 618 supplo-

156 639 301 677 mento
333 635 515 677 adiecta.
579 634 655 676 scd
690 634 742 674 ad
770 633 1033 674 Ricimerem
1068 633 1175 673 haec
1209 647 1304 673 cum
1338 646 1421 672 non
1447 632 1707 687 pertincant,
1742 632 1914 671 omnino
1949 632 2019 685 qui
2054 633 2367 686 circumposuit

154 709 375 759 tamquam
418 703 728 745 commentario
770 707 813 744 et
852 702 1015 743 Brutos
1057 701 1370 753 Torquatosque
1402 702 1598 755 1›.45.21
1652 700 1880 740 illustravit
1922 706 1965 739 vt.
2007 701 2250 754 ‹pun-renti.
2294 715 2368 740 cur

154 772 399 814 Eucherius
432 773 482 814 iis
516 773 839 828 aequiparetur,
873 771 925 812 de
959 771 1047 812 filio
1083 771 1176 812 eius
1210 771 1354 812 nescio
1389 785 1514 825 quam
1550 769 1838 810 narrationem
1874 769 2154 822 excogitavit.

300 841 630 897 Luetjohannus
663 841 774 897 quod
807 842 981 896 plenam
1016 844 1058 881 ct
1090 841 1329 895 perfectam
1363 839 1415 880 de
1451 839 1647 880 codicum
1680 838 1903 879 adfinitate
1928 843 1969 878 et
1993 838 2249 878 aucun-itate
2286 852 2366 878 non

156 911 330 966 reliquit
363 911 785 962 commentationem,
819 910 962 965 ipsum
997 909 1174 951 editoris
1208 909 1399 949 officium
1433 912 1521 949 tam
1548 909 1747 949 sollerter
1770 912 1980 947 executus
2005 913 2083 950 est,
2118 912 2163 946 ut
2188 906 2370 959 vestigia

156 980 248 1021 eius
280 984 529 1036 prementes
572 980 663 1021 sine
708 979 839 1020 nimio
873 979 1049 1033 negotio
1091 978 1234 1033 operis
1273 977 1557 1018 fundamenta
1598 991 1646 1018 ac
1688 978 1808 1029 loges
1848 990 2176 1029 cognoscamus.
2239 980 2368 1029 atque

155 1049 341 1104 primum
373 1048 562 1104 quidem,
596 1048 710 1104 quod
745 1063 958 1089 summum
992 1054 1099 1094 erat,
1134 1047 1266 1088 libros
1302 1046 1558 1088 recensendi
1594 1046 1743 1086 Sidoni
1777 1045 1980 1100 operibus
2016 1044 2263 1084 necessario
2297 1043 2371 1083 ad-

155 1117 370 1159 hibendos
405 1123 490 1160 tam
525 1122 644 1160 certo
679 1117 838 1158 iudicio
872 1117 1028 1172 elegit,
1068 1131 1151 1157 non
1184 1116 1458 1157 necessarios
1494 1130 1537 1156 rc
1571 1116 1725 1157 iterum
1762 1116 2003 1168 iterumque
2038 1113 2251 1168 pensitam
2287 1118 2369 1152 tam

159 1201 265 1229 sana
297 1187 464 1229 ratione
497 1201 602 1228 usus
637 1186 817 1237 abiecit,
858 1191 904 1226 ut
943 1186 1041 1227 huic
1082 1185 1254 1240 quidem
1297 1186 1565 1227 recensionis
1607 1185 1718 1240 parti
1758 1185 1921 1224 nullum
1957 1183 2134 1223 verbum
2177 1181 2372 1222 videatur

159 1256 404 1297 addendum
441 1271 552 1299 esse.
616 1255 813 1297 adhibuit
845 1259 1006 1301 autem,
1039 1258 1085 1295 ut
1117 1255 1293 1295 nomina
1326 1255 1481 1295 saltem
1514 1260 1778 1310 repetamus,
1811 1253 1984 1294 codices

778 1336 816 1376 L
848 1335 1123 1377 Laudianum
1157 1348 1271 1376 saec.
1305 1335 1346 1375 X
1379 1335 1436 1389 (v.
1462 1349 1495 1376 s.
1516 1349 1557 1389 p.
1581 1334 1707 1388 XVI)

781 1405 841 1446 M
866 1405 1135 1446 Marcianum
1170 1420 1201 1446 s.
1226 1404 1265 1446 X
1301 1403 1359 1459 (p.
1383 1403 1511 1458 XIV)

784 1474 824 1515 T
851 1474 1195 1515 Laurentianum
1229 1489 1260 1515 s.
1285 1472 1377 1514 XII
1410 1478 1471 1529 (p.
1494 1472 1627 1526 XIII)

789 1542 826 1585 C
853 1542 1189 1585 Cluniacensem
1223 1558 1256 1585 s.
1279 1542 1404 1595 XJXI
1436 1541 1494 1598 (p.
1521 1541 1605 1596 VI)

781 1613 829 1654 F
854 1612 1097 1654 Parisinum
1132 1627 1165 1654 s.
1192 1611 1282 1653 XII
1315 1610 1375 1667 (p.
1398 1611 1508 1664 VII)

780 1682 824 1723 P
851 1682 1097 1723 Puteanum
1132 1697 1164 1723 s.
1190 1680 1317 1732 XJXI
1350 1680 1409 1736 (p.
1433 1678 1543 1733 XII.)

309 1763 430 1804 Inter
461 1763 540 1805 hos
565 1763 752 1815 codices,
785 1777 968 1819 quorum
990 1763 1154 1819 primus
1184 1777 1268 1804 non
1294 1763 1488 1804 continet
1508 1761 1715 1812 carmina,
1749 1759 1968 1801 secundus
1992 1758 2183 1798 carmina
2207 1759 2373 1796 tantum

159 1835 256 1873 octo
297 1833 460 1888 priora,
507 1847 616 1888 quae
656 1833 764 1875 ratio
809 1832 1050 1874 intercedat
1095 1832 1296 1888 quodque
1338 1831 1520 1886 singulis
1560 1831 1603 1871 in
1645 1830 1856 1885 epistulas
1893 1827 2045 1868 Sidoni
2087 1830 2130 1867 ct
2175 1828 2375 1880 poemata

157 1901 428 1943 recensenda
459 1907 726 1944 momentum
759 1901 1040 1944 tribuendum
1085 1903 1140 1943 sit
1178 1902 1238 1943 ita
1271 1915 1563 1957 exponemUS,
1603 1904 1650 1940 ut
1683 1899 1810 1940 simul
1843 1897 2040 1939 lectionis
2080 1910 2135 1936 ex
2167 1894 2372 1935 librorum

157 1971 366 2012 memoria
388 1971 721 2014 constituendae
755 1975 829 2012 aut
860 1986 1012 2013 norma
1043 1975 1255 2027 appareat
1289 1975 1362 2012 aut
1394 1971 1583 2012 licentia.
1643 1973 1774 2023 atque
1798 1967 1987 2008 onmium
2009 1965 2207 2020 primum,
2243 1968 2288 2004 ut
2320 1963 2373 2003 ab

158 2040 356 2096 epistulis
389 2041 671 2082 recensendis
706 2041 980 2097 incipiamus,
1015 2044 1185 2082 constat
1217 2040 1387 2081 codices
1411 2037 1699 2080 LMTCFP
1725 2037 1907 2093 (addere
1932 2040 2077 2077 autem
2102 2035 2201 2074 licet
2224 2047 2374 2073 omnes

161 2110 318 2166 quibus
344 2111 504 2152 utimur
522 2110 674 2152 Sidoni
695 2109 888 2166 codices)
913 2125 969 2152 ex
993 2124 1076 2151 uno
1103 2109 1345 2165 eodemque
1367 2109 1619 2165 archetypo,
1643 2112 1772 2162 atque
1798 2120 1848 2147 eo
1870 2120 1953 2146 non
1977 2103 2273 2145 vetustissimo
2296 2101 2375 2156 (a),

160 2179 372 2235 originem
396 2180 556 2221 ducere
572 2179 619 2236 1).
672 2179 982 2235 comprobatur
1013 2179 1094 2220 hoc
1119 2193 1169 2220 co
1194 2179 1308 2234 quod
1333 2179 1550 2234 epistulae
1576 2177 1678 2221 VII.
1697 2178 1735 2216 6.
1757 2177 1778 2215 7
1804 2176 1847 2215 in
1870 2174 2067 2214 omnibus
2091 2176 2165 2213 aut
2189 2172 2373 2213 omissae

158 2252 258 2290 sunt
296 2253 371 2290 aut
402 2250 617 2291 incertum
656 2249 798 2290 locum
830 2252 1002 2300 tenent,
1043 2249 1125 2289 nisi
1159 2248 1274 2303 quod
1312 2248 1354 2288 in
1387 2247 1434 2288 F
1460 2250 1560 2303 post
1581 2246 1684 2298 VII,
1710 2247 1732 2285 7
1766 2244 1940 2285 demum
1974 2241 2139 2282 turbari
2173 2246 2374 2297 coeptum

160 2322 246 2367 est3
288 2318 401 2374 quod
442 2319 487 2359 in
530 2319 732 2360 omnibus
772 2322 948 2374 praeter
985 2315 1022 2359 C
1050 2317 1240 2373 epistula
1261 2317 1388 2369 VIII,
1413 2318 1437 2357 2
1478 2320 1553 2357 aut
1587 2316 1748 2357 omissa
1787 2317 1854 2355 est
1893 2316 1967 2353 aut
2009 2324 2095 2351 non
2128 2314 2248 2351 recto
2281 2311 2374 2350 loco

159 2385 279 2442 (nam
295 2386 420 2440 VIII,
448 2390 465 2427 1
499 2388 763 2443 praefatoria
796 2391 875 2440 est,
898 2386 1025 2440 VIII,
1050 2388 1074 2426 2
1107 2386 1231 2442 quasi
1262 2386 1402 2428 altera
1424 2384 1638 2441 praefatio
1663 2384 1765 2425 olim
1787 2379 2006 2437 neglecta)
2029 2379 2174 2435 posita
2197 2379 2375 2434 legitur;

303 2538 329 2580 ¹)
354 2536 386 2571 A
412 2536 538 2572 codice
564 2549 586 2569 a
613 2548 709 2581 quae
734 2536 912 2571 afuerunt
937 2537 980 2570 ut
1007 2547 1051 2570 ex
1078 2537 1184 2580 parte
1213 2546 1300 2570 casu
1326 2533 1453 2568 amisit
1480 2533 1532 2577 (id
1558 2532 1657 2577 quod
1682 2532 1761 2566 sine
1779 2530 1892 2565 dubio
1912 2529 2014 2564 cadit
2038 2528 2077 2562 in
2096 2539 2232 2573 paucos
2252 2538 2376 2562 versus

160 2593 314 2629 omissos
345 2594 383 2629 in
418 2595 441 2629 l.
461 2595 512 2629 VI
538 2596 702 2630 extremo
728 2607 764 2640 p.
783 2595 868 2637 125,
896 2594 1043 2629 15—17
1071 2595 1109 2628 et
1133 2593 1173 2628 in
1199 2594 1222 2628 l.
1242 2593 1293 2627 IX
1320 2594 1526 2627 extremum
1552 2591 1639 2625 inde.
1665 2602 1687 2624 a
1712 2602 1747 2634 p.
1769 2589 1850 2630 155,
1874 2589 1925 2632 7),
1962 2587 2014 2621 ita
2044 2586 2189 2630 reliqua
2220 2587 2377 2631 apparet

159 2652 309 2687 sublata
326 2663 403 2687 esse
421 2652 545 2688 studio
563 2652 841 2694 Germanorum,
860 2651 924 2696 qui
939 2652 1192 2686 Romanorum
1210 2650 1441 2685 devictorum
1456 2649 1625 2693 querelas
1643 2659 1717 2682 non
1731 2645 1938 2681 tolerarint.
1970 2646 2056 2679 sunt
2074 2645 2199 2678 autem
2218 2643 2377 2688 primum

161 2709 287 2755 capita
319 2710 392 2745 duo
425 2721 481 2755 ep.
507 2710 577 2752 ΙΙΙ,
603 2711 625 2745 3
650 2710 701 2755 (p.
718 2711 775 2752 42,
802 2709 970 2753 izi—28),
1002 2709 1042 2743 in
1073 2709 1208 2754 quibus
1234 2710 1456 2743 enarrantur
1481 2706 1624 2742 Ecdicii
1657 2705 1702 2739 de
1728 2704 1860 2740 Gothis
1894 2702 2072 2737 victoriae
2103 2702 2308 2745 horumque
2339 2700 2377 2734 in

161 2767 343 2802 cadavera
373 2779 523 2803 suorum
554 2768 633 2803 fera
664 2769 819 2809 scelera3
857 2767 992 2802 deinde
1027 2769 1077 2812 (p.
1103 2766 1415 2810 101‚17—1‹)8,2)
1448 2776 1502 2810 ep.
1522 2765 1583 2805 VI,
1600 2765 1642 2798 12
1684 2763 1810 2797 vivida
1842 2760 2041 2805 descriptio
2076 2758 2377 2804 depopulationis

161 2825 341 2861 Gothicae
369 2828 406 2861 et
430 2837 486 2871 ep.
505 2826 585 2868 VII,
602 2828 619 2860 1
647 2825 851 2862 obsidionis
877 2825 1043 2860 civitatis
1069 2826 1273 2865 Arvernae3
1301 2823 1392 2858 item
1418 2833 1513 2868 quac
1540 2821 1715 2856 Sidonius
1740 2819 1908 2855 narravit
1933 2817 2124 2863 ep.V11,ss
2150 2816 2194 2850 de
2212 2815 2377 2850 Euaricis

160 2883 260 2929 regis
277 2883 485 2919 Gothorum
510 2884 634 2920 studio
652 2885 845 2919 haereseos
862 2884 1024 2918 Arianae
1051 2885 1088 2918 et
1106 2882 1375 2928 persecutionis
1393 2881 1645 2916 Romanorum
1664 2879 1931 2914 catholicorum
1958 2878 1995 2911 et
2012 2876 2050 2910 in
2068 2875 2237 2919 sequenti
2257 2875 2377 2909 denuo

162 2941 208 2976 de
233 2941 426 2977 obsidione
444 2942 605 2978 Gothica
622 2942 882 2984 Arvernorum,
909 2942 973 2986 qui
991 2942 1190 2987 quondam,
1216 2942 1259 2975 ut
1285 2940 1340 2974 ait
1363 2941 1493 2974 auctor
1510 2939 1710 2974 Romanus.
1737 2935 1870 2972 Gothis
1888 2933 2017 2969 terrori
2036 2933 2190 2974 fuerint3
2217 2932 2377 2976 denique

164 2999 368 3044 ep.VIII,2
393 3000 438 3035 de
472 3000 629 3046 sepultis
654 3000 791 3035 litteris
821 3000 860 3034 in
887 3000 1011 3035 Gallia
1045 3002 1129 3045 pest
1153 2999 1385 3034 invasionem
1418 2997 1672 3032 barbarorum.
1722 3007 1764 3029 ex
1797 2994 1854 3028 his
1880 2994 2059 3037 quattuor
2090 2991 2180 3026 locis
2213 2993 2286 3025 tres
2317 3001 2377 3024 ex-

163 3057 295 3102 puncti
320 3059 409 3093 sunt
433 3058 506 3100 ita,
532 3061 576 3094 ut
601 3058 861 3093 commissurae
886 3069 961 3092 non
986 3058 1241 3099 laederentur;
1274 3057 1408 3101 quarto
1435 3067 1491 3100 ep.
1510 3055 1641 3096 VL12.
1668 3053 1783 3093 V11,1
1810 3052 1864 3086 ita
1890 3051 2060 3085 sublatae
2086 3050 2184 3089 sunt,
2210 3050 2253 3082 ut
2276 3047 2377 3082 illius

163 3115 391 3160 principium
416 3118 637 3158 remaneret,
672 3128 756 3151 cum
784 3116 855 3150 hac
880 3116 1129 3150 evellerentur
1155 3126 1211 3159 ep.
1229 3114 1309 3154 VII,
1327 3114 1359 3148 2.
1374 3114 1443 3148 3.4
1468 3114 1506 3147 et
1531 3112 1686 3157 quintae
1720 3109 1946 3156 principium
1973 3120 2038 3152 per
2062 3118 2098 3141 se
2124 3106 2202 3140 sine
2228 3106 2377 3139 offensa.

164 3175 323 3219 apparet
355 3175 480 3209 autem
514 3174 659 3209 hiatum
694 3185 779 3209 eum
812 3173 983 3209 effectum
1017 3184 1093 3208 esse
1126 3172 1256 3207 avulso
1289 3170 1536 3215 quaternione
1569 3170 1716 3214 integro
1749 3166 1942 3211 archetypi
1979 3165 2057 3199 eius
2089 3176 2110 3198 a
2135 3175 2208 3208 quo
2241 3162 2380 3208 pendet

165 3231 391 3266 Laudianus.
443 3231 586 3267 scilicet
611 3232 710 3276 quod
735 3232 775 3266 in
798 3231 926 3266 eodem
952 3232 1156 3275 archetypo
1179 3241 1257 3264 sese
1282 3228 1521 3273 excipiebant
1539 3239 1574 3272 p.
1593 3226 1812 3267 3o‚13—31‚
1829 3226 1872 3258 18
1888 3239 1929 3252 z
1945 3235 2002 3257 vv.
2018 3223 2078 3263 ²233
2112 3234 2146 3266 p.
2160 3221 2215 3261 ⁴27,
2232 3220 2378 3260 13-30,

166 3289 210 3323 13
226 3301 341 3326 =VV.
355 3289 417 3331 873
455 3302 491 3335 p.
510 3290 732 3332 32‚14-35‚
748 3290 792 3324 18
811 3305 854 3318 =
875 3301 931 3324 vv.
947 3290 1008 3329 95;
1052 3301 1087 3334 p.
1102 3288 1324 3329 31‚18—-32‚
1346 3286 1390 3321 14
1411 3301 1454 3315 =
1474 3298 1530 3320 vv.
1545 3285 1606 3321 24.
1646 3284 1733 3318 inde
1759 3282 1917 3317 efficitur
1940 3280 2155 3325 quinionem
2181 3277 2234 3312 ibi
2259 3288 2379 3312 errore

164 3346 227 3381 ita:
245 3347 509 3392 complicatum
535 3347 659 3390 fuisse,
685 3349 728 3383 ut
752 3347 843 3383 folia
869 3347 921 3382 sic
946 3359 984 3382 se
1011 3346 1240 3391 exciperent:
1275 3356 1292 3379 e
1315 3356 1338 3379 α
1363 3345 1382 3378 b
1406 3355 1424 3378 c
1447 3343 1537 3387 cZ—-y
1561 3343 1585 3376 h
1608 3342 1621 3376 z·
1646 3341 1668 3375 k
1689 3341 1716 3385 f,
1743 3341 1783 3375 in
1808 3339 1966 3385 singulis
1992 3339 2118 3372 autem
2143 3335 2242 3370 foliis
2268 3334 2379 3369 fuisse

165 3415 292 3440 versus
316 3405 427 3440 huius
453 3405 629 3440 editionis
655 3405 802 3440 circiter
826 3405 975 3440 vicenos
1002 3407 1138 3439 ternos.
1188 3403 1314 3437 hiatus
1340 3403 1466 3436 autem
1492 3400 1556 3435 ille
1584 3412 1667 3435 cum
1692 3398 1859 3433 hauserit
1884 3407 2010 3431 versus
2037 3395 2114 3435 183,
2139 3394 2167 3428 ii
2192 3393 2231 3427 in
2253 3392 2378 3427 arche-

166 3462 257 3506 typo
283 3461 374 3496 folia
400 3464 482 3498 octo
500 3463 762 3508 impleverunt.
783 3483 825 3488 —-
843 3463 943 3498 Noni
968 3462 1055 3497 libri
1075 3461 1236 3506 epistula
1263 3460 1383 3505 prima
1408 3460 1481 3493 nisi
1507 3470 1593 3493 casu
1620 3457 1744 3503 periit,
1770 3455 1868 3501 quod
1894 3454 1957 3488 vix
1977 3452 2205 3488 crediderim.
2232 3451 2378 3485 sublata

167 3520 222 3553 est
247 3522 445 3564 propterea
471 3521 570 3565 quod
595 3522 703 3566 pater
720 3520 894 3556 Sidonius
919 3521 955 3554 in
986 3532 1028 3555 ea
1052 3518 1293 3564 reprehendit
1318 3518 1435 3552 filium
1455 3517 1711 3562 Apollinarem
1737 3517 1779 3549 ut
1804 3525 1934 3558 parum
1953 3511 2161 3545 litteratum
2181 3508 2376 3548 hominem,

168 3576 230 3620 qui
259 3577 486 3621 Apollinaris
512 3590 593 3613 culn
620 3579 720 3624 apud
746 3578 887 3613 Gothos
912 3578 951 3612 in
976 3579 1115 3613 honore
1142 3576 1255 3611 fuerit
1280 3577 1318 3610 et
1342 3588 1424 3610 cum
1451 3575 1495 3609 iis
1521 3574 1696 3608 adversus
1721 3573 1880 3606 Francos
1905 3567 2095 3614 pugnarit,
2121 3578 2195 3601 non
2221 3564 2378 3599 absurde

169 3633 330 3668 conicias
360 3635 478 3679 patris
512 3636 692 3681 epistulas
731 3637 798 3670 aut
825 3635 907 3680 ipso
939 3635 1092 3670 iubente
1129 3635 1195 3668 aut
1226 3645 1248 3667 a
1278 3633 1425 3668 fautore
1456 3632 1534 3667 eius
1566 3631 1620 3665 ita
1650 3629 1844 3664 mutilatas
1879 3638 1971 3667 esse,
2016 3627 2058 3660 ut
2088 3623 2310 3668 legebantur
2340 3621 2378 3655 in

169 3690 296 3726 codice
321 3702 375 3736 eo,
399 3703 421 3726 a
447 3704 520 3737 quo
545 3694 663 3728 nostri
688 3692 872 3738 originem
897 3693 1095 3728 duxerunt.
2107 3681 2173 3715 Th·
2192 3680 2240 3714 Μ-

309 3770 478 3809 Smomus.
2080 3759 2102 3793 d

2413 2193 2445 2219 CC
