2583 4011
93 869 115 906 Na

101 1883 122 1920 RQ

160 157 212 196 92
981 153 1161 187 SIDONIl
1188 150 1529 186 EPISTULARUM

168 267 298 308 fidere
331 281 541 321 agnosce,
573 272 632 319 ut,
667 269 749 309 etsi
781 282 867 309 non
900 267 1070 308 invenio
1105 282 1214 322 quac
1246 281 1437 322 poscam,
1470 266 1745 321 quaesiturus
1778 265 1881 305 mihi
1906 264 2089 306 videaris
2122 265 2215 320 ipse
2246 279 2355 320 quae

167 335 344 377 tribuas.
404 336 516 377 vale.

1195 461 1317 503 XIX.

735 565 1015 607 SIDONIUS
1049 564 1317 607 PUDENTI
1351 564 1464 606 SUO
1498 562 1793 604 SALUTEM.

304 643 522 704 Ni'Tmeis
552 676 675 703 meae
710 663 839 703 filiam
877 662 990 703 filius
1028 666 1128 703 tuae
1170 663 1333 718 rapuit:
1375 662 1542 703 facinus
1580 661 1805 716 indignum
1838 660 2037 715 quodque
2080 675 2158 702 nos
2191 676 2352 717 vosque

159 730 445 783 inimicasset,
479 732 560 772 nisi
594 732 788 786 protinus
822 731 1000 772 scissem
1034 736 1075 772 te
1110 732 1302 772 nescisse
1335 729 1597 772 faciendum.
1671 730 1746 771 sed
1790 731 2083 772 conscientiae
2115 735 2215 772 tuae
2248 746 2349 787 pur·
2406 742 2419 763 ⁵

159 800 332 853 gatione
366 801 556 855 praelata
591 806 740 856 petere
770 800 961 854 dignaris
996 800 1148 855 culpae
1182 800 1363 841 calentis
1387 799 1714 855 impunitatem.
1757 798 1836 840 sub
1861 798 2113 840 condicione
2139 800 2352 842 concedo:

164 868 199 908 si
232 874 522 924 stupratorem
556 884 630 924 pro
665 869 837 909 domino
878 869 962 908 iam
1004 874 1210 924 patronus
1251 868 1450 923 originali
1491 868 1634 909 solvas
1676 868 1949 922 inquilinatu.
2019 868 2174 910 mulier
2213 872 2356 910 autem

162 936 236 976 illa
268 937 350 977 iam
393 937 527 978 libera
570 943 654 978 est:
695 951 804 992 quae
846 942 933 978 tum
976 937 1149 978 demum
1191 936 1408 978 videbitur
1448 950 1533 976 non
1571 935 1759 977 ludibrio
1802 935 1976 977 addicta
2016 936 2094 977 sed
2136 941 2359 992 assumpta

161 1006 380 1060 coniugio.
424 1006 457 1046 si
490 1021 588 1047 reus
632 1011 796 1051 noster.
839 1020 914 1061 pro
955 1020 1036 1060 quo
1079 1006 1292 1061 precaris,
1335 1020 1435 1047 mox
1474 1006 1609 1047 cliens
1654 1005 1794 1046 factus
1829 1020 1851 1047 e
1884 1006 2110 1047 tributario
2142 1005 2357 1061 plebeiam
2397 1016 2428 1039 1Ο

161 1074 302 1127 potius
336 1075 512 1129 incipiat
545 1075 704 1115 habere
738 1089 967 1129 personam
999 1089 1126 1129 quam
1160 1074 1436 1115 colonariam.
1498 1088 1596 1114 nam
1630 1088 1771 1115 meam
1803 1074 1912 1116 haec
1946 1075 2038 1115 sola
2070 1089 2148 1115 seu
2181 1089 2356 1130 compo-

165 1142 260 1182 sitio
296 1157 371 1183 scu
405 1143 640 1183 satisfactio
674 1144 742 1184 vel
784 1143 1060 1183 mediocriter
1100 1143 1406 1184 contumeliam
1446 1143 1668 1191 emendat3
1710 1144 1782 1198 qui
1822 1143 1906 1184 tuis
1938 1145 2048 1185 votis
2081 1148 2209 1199 atque
2248 1144 2353 1184 ami-

165 1212 274 1252 citiis
308 1211 388 1252 hoc
423 1211 669 1267 adquiesco.
705 1212 738 1253 si
772 1212 889 1252 laxat
922 1212 1101 1253 libertas
1134 1212 1349 1265 maritum,
1382 1227 1435 1253 ne
1469 1213 1736 1267 constringat
1768 1227 1908 1268 poena
1940 1216 2170 1269 raptorem.
2232 1213 2340 1254 vale.

1206 1408 1306 1450 XX.

739 1509 1017 1553 SIDONIUS
1050 1511 1307 1553 PASTORI
1340 1510 1452 1552 SUO
1488 1510 1789 1552 SALUTEM.

306 1585 443 1656 Quor)
477 1607 544 1649 die
585 1609 790 1649 hesterno
831 1610 1033 1650 tractatui
1074 1609 1261 1651 civitatis
1301 1610 1342 1650 in
1384 1610 1566 1651 concilio
1610 1609 1810 1661 defuisti,
1853 1625 1908 1652 ex
1946 1610 2157 1651 industria
2196 1611 2357 1651 factum
2398 1619 2428 1643 15

164 1690 263 1729 pars
298 1676 449 1717 melior
481 1677 668 1732 accepit.v
716 1691 825 1732 quae
866 1679 1085 1733 suspicata
1125 1683 1192 1720 est
1231 1679 1270 1719 id
1312 1683 1354 1720 te
1398 1693 1574 1730 cavere,
1616 1693 1669 1720 nc
1712 1679 1797 1720 tuis
1836 1680 1996 1721 umeris
2041 1694 2147 1720 onus
2189 1679 2359 1721 futurae

169 1745 397 1799 legationis
440 1746 745 1801 imponeretur.
821 1748 1015 1801 gratulor
1051 1748 1152 1795 tibi.
1201 1747 1314 1802 quod
1354 1748 1447 1789 istis
1487 1748 1679 1789 moribus
1725 1748 1854 1800 vivis,
1888 1752 1934 1788 ut
1975 1763 2157 1790 necesse
2196 1749 2359 1790 habeas

165 1813 424 1855 electionem
459 1815 521 1855 tui
554 1815 729 1856 timere:
774 1815 901 1857 laudo
937 1816 1195 1870 efficaciam,
1239 1817 1427 1873 suspicio
1460 1817 1757 1872 prudentiam,
1790 1832 2030 1873 prosequor
2061 1817 2188 1859 laude
2220 1818 2358 1858 felici-

168 1888 321 1930 tatem;
355 1888 457 1938 opto
491 1883 677 1939 denique
710 1886 909 1940 aequalia
940 1885 1028 1939 his,
1074 1900 1180 1941 quos
1213 1886 1456 1941 aequaliter
1487 1900 1596 1927 amo.
1658 1886 1784 1927 multi
1814 1886 2083 1940 frequenter,
2117 1899 2223 1940 quos
2256 1900 2360 1927 exe-

166 1951 338 1992 crabilis
372 1953 639 2007 popularitas
673 1954 781 2008 agit,
823 1954 978 1994 civium
1014 1955 1227 1995 maximos
1260 1969 1388 1996 manu
1419 1959 1628 2010 prensant
1660 1955 1800 2009 deque
1834 1969 2043 1996 consessu
2078 1954 2251 2009 publico
2284 1954 2360 1994 ab·
2398 1963 2431 1987 ‘20

163 2018 324 2061 ducunt
363 2035 411 2062 ac
453 2023 739 2077 sequestratis
785 2024 933 2064 oscula
980 2025 1244 2078 impingunt,
1293 2038 1469 2080 operam
1520 2038 1641 2065 suam
1683 2023 1918 2079 spondent,
1967 2023 2043 2064 sed
2086 2037 2172 2064 non
2214 2022 2360 2078 petiti:

164 2094 296 2143 utque
330 2089 558 2131 videantur
589 2091 631 2131 in
664 2092 829 2146 negotii
863 2093 1103 2133 communis
1137 2093 1425 2134 assertionem
1458 2094 1616 2148 legari.
1651 2093 1919 2134 evectionem
1951 2092 2186 2134 refundunt
2216 2092 2359 2146 ipsos-

163 2171 245 2212 que
281 2163 477 2214 sumptus
513 2160 625 2200 ultro
659 2165 861 2202 recusant
894 2165 936 2202 et
969 2161 1022 2202 ab
1046 2161 1212 2202 ambitu
1245 2162 1356 2202 clam
1389 2165 1544 2217 rogant
1576 2162 1790 2216 singulos,
1822 2165 1870 2202 ut
1901 2161 1954 2202 ab
1988 2162 2187 2202 omnibus
2219 2161 2362 2216 palam

162 2235 381 2281 rogentur.
468 2229 527 2269 sic
583 2243 777 2284 quoque,
834 2244 929 2270 cum
986 2230 1181 2285 fatigatio
1236 2231 1424 2285 gratuita
1481 2231 1619 2286 possit
1664 2230 1850 2272 libenter
1909 2231 2094 2283 admitti,
2154 2230 2357 2271 libentius

166 2303 310 2336 tamen
344 2305 471 2351 atquc
515 2298 743 2339 amabilius
785 2299 1018 2340 verecundi
1056 2300 1281 2354 leguntur,
1324 2299 1452 2355 idque
1497 2314 1592 2340 cum
1632 2314 1847 2354 expensa3
1888 2303 2053 2340 tantum
2092 2298 2361 2353 impudentia
2397 2306 2428 2331 25

165 2378 261 2405 sese
295 2364 569 2419 ingerentum
592 2366 795 2421 ponderis
818 2367 963 2419 habet,
998 2368 1126 2409 etiam
1160 2368 1266 2409 fasci
1300 2382 1397 2409 cum
1429 2369 1658 2410 tributario
1691 2369 1861 2410 nomine
1893 2369 2084 2424 ipsorum
2116 2369 2176 2409 nil
2209 2382 2360 2423 super-

168 2433 371 2475 funditur.
409 2435 614 2490 *proinde
648 2450 906 2491 quamquam
939 2451 1023 2478 non
1056 2442 1098 2479 te
1131 2438 1300 2490 fefellit,
1335 2438 1435 2493 quid
1467 2438 1569 2480 boni
1602 2439 1759 2494 quique
1792 2437 2119 2489 meditarentur,
2152 2437 2285 2479 redde
2318 2441 2360 2478 te

167 2510 310 2542 tamen
346 2505 691 2559 exspectantium
715 2505 828 2546 votis
853 2510 1221 2562 expetentumque
1256 2508 1480 2548 caritatem
1514 2508 1661 2563 proba,
1695 2508 1765 2562 qui
1797 2509 1881 2549 iam
1913 2507 2106 2563 probasti
2138 2506 2359 2562 pudorem.

167 2570 279 2624 quod
323 2571 496 2613 defuisti
538 2574 742 2628 primum.
791 2573 1032 2616 modestiae
1076 2575 1359 2621 adscribitur;
1401 2575 1455 2617 ad
1492 2576 1707 2631 ignaviam
1750 2576 1927 2632 respicit
1968 2575 2158 2617 secunda
2198 2575 2360 2616 dilatio.

167 2644 396 2693 praeterea
428 2641 504 2682 tibi
537 2642 715 2683 Arelate
748 2644 997 2698 profecturo
1033 2649 1098 2685 est
1120 2645 1383 2686 venerabilis
1407 2645 1451 2686 in
1473 2646 1629 2688 itinere
1662 2651 1801 2688 mater
1831 2646 1986 2687 fratres
2009 2649 2205 2687 amantes
2238 2644 2361 2686 reda·
2399 2653 2432 2676 3⁰

297 2789 311 2821 1
339 2791 510 2824 inveniam
535 2792 573 2824 F
684 2790 884 2836 quaesitur’*
900 2813 913 2828 ,ι
944 2797 990 2829 (st
1158 2796 1180 2828 2
1203 2797 1317 2830 tribua
1349 2797 1380 2828 T
1527 2795 1548 2829 3
1574 2797 1732 2829 Sidonius
1757 2803 1786 2829 et
1810 2797 1953 2829 salutem
1980 2808 2043 2830 om.
2060 2795 2097 2827 F
2254 2793 2276 2826 4
2300 2805 2361 2827 vos

162 2880 290 2911 nosque
317 2869 423 2902 JITP
582 2873 602 2903 ⁴3
627 2885 673 2905 an
699 2876 844 2916 praefata
855 2880 869 2907 ἱ)
963 2877 1112 2919 dignaris
1138 2875 1196 2916 (ris
1220 2876 1255 2908 in
1279 2888 1349 2908 ras.
1376 2876 1454 2918 llll)
1480 2876 1524 2907 M
1620 2877 1812 2910 conditione
1836 2877 1935 2909 LCF
2082 2875 2100 2908 7
2127 2877 2238 2909 solvas
2263 2874 2297 2915 (a
2320 2875 2357 2907 in

164 2962 231 2981 νζι-ς.
258 2951 335 2991 31¹)
364 2951 423 2992 JI,
460 2953 570 2985 solves
604 2953 635 2984 T
794 2954 912 2997 simos(
943 2957 999 2988 illa
1033 2959 1053 2988 2
1078 2957 1136 2988 litt.
1169 2967 1257 2989 eras.
1284 2956 1344 2987 1²²
1460 2957 1614 2989 ludebrio
1640 2956 1671 2988 L
1786 2962 1933 2990 assumta
1960 2956 1991 2989 L
2166 2956 2208 2988 10
2232 2961 2282 3009 est
2305 2955 2357 2987 F¹

173 3031 210 3063 11
232 3033 347 3075 pocius
365 3034 391 3065 ζ’
508 3033 549 3065 12
564 3040 638 3076 post
656 3036 709 3067 vel
728 3036 787 3077 less.
807 3048 872 3068 non
891 3037 926 3068 ln
943 3037 1005 3069 CF
1003 3037 1042 3077 1²,
1061 3037 1209 3079 idemque
1226 3049 1251 3069 s.
1271 3038 1292 3069 Z.
1310 3037 1392 3084 add.
1410 3037 1450 3069 M
1463 3037 1472 3056 ¹
1495 3036 1527 3068 T
1533 3038 1546 3056 ²
1617 3037 1777 3070 amiciciis
1791 3037 1890 3070 LCF
2002 3037 2043 3070 13
2060 3038 2205 3080 stringat
2221 3049 2308 3070 corr.
2327 3036 2361 3068 iu

167 3112 331 3155 ¹)stringat
347 3113 377 3144 T
383 3114 395 3132 2
504 3112 546 3145 14
561 3115 718 3147 Sidonius
732 3121 760 3148 ct
774 3117 916 3149 salutem
931 3129 994 3149 om.
1004 3117 1030 3148 lv
1140 3116 1182 3149 15
1195 3089 1391 3150 tractatuxM
1399 3117 1408 3135 ¹
1506 3115 1547 3149 16
1562 3118 1710 3151 humeris
1724 3117 1926 3150 LMTCFI’
2018 3116 2060 3150 18
2074 3118 2252 3150 efficatiam
2259 3116 2367 3149 MGF

165 3193 306 3234 suspitio
322 3193 357 3224 F
471 3192 510 3226 19
536 3195 752 3228 exsecrabilis
766 3196 807 3227 M
922 3196 967 3229 20
992 3209 1078 3239 eque
1106 3197 1134 3229 C
1155 3204 1184 3230 et
1208 3210 1295 3230 corr.
1322 3209 1362 3230 ca:
1387 3209 1472 3240 eque
1486 3197 1519 3229 P
1529 3199 1554 3238 ²,
1579 3210 1664 3240 eque
1678 3197 1791 3230 MTF
1856 3209 2022 3230 consensu
2038 3196 2072 3230 L
2141 3196 2361 3231 adducuntL

165 3271 207 3303 ⁴21
235 3273 417 3315 impingunt
443 3273 480 3305 F
556 3275 650 3316 ppeti
675 3274 708 3305 P
844 3275 888 3307 '22
913 3277 947 3308 in
973 3277 1099 3320 negotii
1128 3277 1163 3309 ἱη
1187 3288 1255 3310 ras.
1282 3277 1342 3309 Ml
1428 3278 1559 3319 negocii
1587 3277 1615 3309 C
1692 3279 1877 3311 assertione
1901 3279 2090 3310 eommunis
2114 3277 2146 3309 T
2209 3278 2361 3311 assertio-

169 3364 244 3384 nem
270 3353 399 3394 scripsi,
417 3354 608 3421 lassertione
632 3354 836 3386 LMTCFP
994 3355 1038 3388 ‘2³3
1063 3362 1195 3389 sumtus
1213 3355 1248 3389 L
1416 3355 1460 3389 ‘24
1479 3363 1559 3399 post
1584 3360 1736 3401 fatigatio
1761 3370 1787 3390 s.
1814 3359 1836 3390 ί.
1861 3359 1997 3390 illorum
2020 3363 2057 3389 ut
2080 3370 2108 3390 v.
2134 3357 2216 3390 adel.
2235 3358 2278 3389 M
2284 3357 2294 3376 ¹
2312 3357 2343 3389 T
2347 3358 2359 3376 ’Ζ

408 3406 411 3417 .

166 3432 308 3464 :immitti
323 3429 367 3471 L,
392 3433 498 3465 amitti
513 3433 555 3464 ill
566 3432 578 3450 ²
688 3432 732 3466 25
750 3435 873 3482 tamen]
894 3438 993 3469 etlam
1005 3437 1048 3477 F,
1065 3436 1103 3469 tfi
1118 3450 1142 3468 ε.
1159 3438 1179 3469 l.
1194 3438 1275 3470 cedd.
1288 3438 1340 3470 Ιτί
1414 3450 1460 3470 an
1477 3439 1634 3471 avidius?
1751 3438 1794 3471 26
1812 3440 2019 3481 ingerentem
2034 3435 2079 3479 L,
2096 3438 2321 3480 ingerentium
2337 3437 2368 3468 T

815 3487 823 3503 l

166 3512 248 3543 lasci
266 3523 342 3543 cum
354 3512 383 3544 L
394 3512 429 3553 T,
447 3514 587 3545 fascium
604 3513 739 3545 MCFP
807 3515 841 3546 nl
854 3515 891 3546 F
1002 3514 1046 3547 27
1063 3528 1256 3558 quanquam
1271 3516 1349 3548 [ΔΙ
1415 3528 1481 3548 non
1497 3516 1674 3557 LJJCFP,
1699 3508 1755 3550 nil⁸
1771 3516 1810 3564 T.
1912 3515 1956 3549 26
1974 3505 2031 3549 tisc
2048 3516 2081 3548 P
2149 3517 2357 3559 exspectium

1803 3568 1812 3585 1

170 3589 193 3621 's
218 3602 306 3622 cra-s.
333 3587 403 3630 L'2)
432 3588 481 3631 L,
507 3592 755 3633 expectantium
772 3592 907 3624 JlCFP
978 3595 1281 3637 expeteneiumquc
1314 3595 1350 3635 T,
1375 3601 1680 3638 expectantumque
1699 3596 1731 3627 P
1800 3608 1819 3638 q
1846 3596 1881 3628 ἰη
1916 3608 1984 3628 ras.
2005 3596 2067 3628 ⁴Ul
2187 3594 2230 3627 29
2255 3597 2354 3629 ascri-

166 3673 256 3704 bitur
273 3669 409 3704 JICFP
545 3670 590 3703 3⁴)
614 3671 774 3704 arelatem
801 3672 839 3704 ill
848 3673 878 3704 T
878 3673 970 3706 CFJ'
1063 3675 1214 3717 pfecturo
1242 3675 1274 3706 P
1365 3677 1644 3719 reclamantisque
1670 3676 1754 3717 MT,
1778 3677 2031 3718 redamantique
2059 3674 2092 3708 L

2536 3049 2542 3052 ’
2532 3032 2553 3037 l

2531 3064 2550 3121 vx
