2583 4011
176 1043 565 1120 INDEX
617 1042 1286 1120 VERBORUM
1343 1044 1489 1120 ET
1542 1044 2363 1125 LOCUTIONUM.

1159 1174 1372 1209 SCRIPSIT

924 1264 964 1310 E
975 1264 1022 1311 D
1032 1263 1180 1311 UAR
1190 1263 1324 1312 DUS
1363 1264 1612 1313 GRUPE.

320 1482 364 1539 ln
406 1502 527 1540 indice
569 1504 643 1541 hoc
680 1502 917 1541 conficiendo
959 1507 1110 1551 praeter
1147 1503 1190 1542 Ρ.
1222 1502 1360 1541 Mohrii
1400 1502 1573 1541 libellum
1617 1502 1709 1541 scite
1740 1503 2000 1553 compositum
2035 1504 2104 1541 ‘Zu
2133 1503 2366 1554 Apollinaris

173 1570 368 1607 Sidonius·
403 1570 600 1607 Bremerh.
630 1570 736 1608 1886
769 1583 863 1608 usus
896 1583 983 1607 sum
1006 1571 1306 1610 Kretschmanni
1339 1571 1597 1621 disputatione
1630 1572 1698 1610 ‘De
1720 1572 1926 1610 Latinitate
1949 1572 1992 1610 G.
2017 1571 2110 1610 Solli
2132 1571 2367 1621 Apollinaris

173 1638 315 1675 Sidoni·
338 1652 371 1676 a.
402 1639 683 1676 1570—1872
717 1639 752 1676 in
786 1639 913 1676 lucem
945 1639 1099 1678 emissa.
1162 1640 1353 1690 Congessi
1385 1645 1514 1678 autem
1546 1653 1592 1678 ex
1615 1640 1788 1690 epistulis
1810 1640 2126 1689 carminibusque
2146 1639 2293 1678 Sidonii
2314 1637 2368 1692 (et

172 1706 359 1744 similiter.
403 1719 642 1756 quamquam
682 1707 811 1745 minus
851 1708 997 1756 ample,
1039 1720 1085 1745 ex
1126 1708 1302 1757 epistulis
1344 1707 1492 1754 Fausti,
1534 1708 1696 1755 Ruricii,
1739 1707 1973 1761 ceterorum)
2017 1708 2149 1746 omnia
2185 1721 2230 1746 ea
2268 1721 2367 1758 quae

171 1781 259 1823 aptat
282 1776 464 1824 putabam
498 1776 545 1813 ad
567 1789 789 1814 sermonem
811 1775 1102 1825 indagandum3
1135 1776 1272 1823 rarius,
1306 1790 1355 1815 ne
1376 1776 1500 1814 inutili
1522 1777 1624 1815 mole
1646 1776 1812 1815 indicem
1836 1790 2052 1823 onerarem,
2086 1776 2365 1827 proprietatum

171 1845 346 1893 exempla
368 1845 559 1893 quaedam
583 1845 783 1895 composui
806 1845 912 1882 nullo
935 1844 1092 1894 negotio
1115 1845 1307 1895 augenda.
1358 1845 1587 1883 Accuratius
1610 1850 1741 1883 autem
1764 1859 1853 1883 cum
1877 1845 1959 1884 aliis
1982 1850 2066 1883 tum
2087 1845 2363 1895 particularum

172 1912 255 1949 usui
289 1926 333 1950 ex
366 1913 494 1951 lexicis
526 1914 668 1952 nostris
702 1914 805 1951 haud
836 1913 945 1952 facile
977 1914 1217 1952 enucleando
1260 1927 1418 1964 operam
1450 1915 1621 1952 dandam
1654 1927 1739 1953 esse
1770 1914 1997 1953 existimavi.
2059 1913 2229 1952 Omnino
2262 1912 2366 1951 enim

172 1980 205 2017 id
240 1981 331 2018 mini
363 1981 602 2031 propositum
636 1987 728 2029 erat,
762 1987 803 2020 ut
834 1996 912 2020 non
947 1987 1027 2020 tam
1050 1983 1239 2020 vocabula
1261 1996 1474 2032 aucuparcr
1505 1987 1619 2032 atque
1651 1982 1785 2021 ordine
1807 1983 2067 2033 disponerem,
2101 1995 2219 2032 quam
2251 1981 2291 2019 in
2322 1994 2368 2018 ea

172 2048 404 2098 inquirerem
429 2063 527 2099 quae
549 2051 596 2088 ad
620 2051 767 2089 Sidonii
789 2064 915 2100 genus
937 2051 1087 2090 dicendi
1110 2051 1336 2101 singillatim
1359 2051 1632 2090 illustrandum
1655 2052 1928 2091 conducerent.
1981 2051 2090 2098 Quae
2113 2050 2298 2089 vocabula
2319 2049 2365 2087 ad

172 2130 251 2155 rem
286 2119 480 2167 publicam
513 2120 717 2169 pertinent,
751 2120 868 2158 veluti
899 2124 1071 2165 illustris,
1098 2123 1327 2167 spectabilis,
1354 2123 1593 2165 clarissimus,
1628 2135 1707 2165 rex,
1737 2124 1925 2168 princeps,
1957 2123 2177 2168 praefectus,
2204 2122 2367 2167 praefec-

173 2189 286 2223 torius
318 2192 409 2233 ete,
455 2188 595 2237 quibus
634 2188 671 2226 in
704 2189 987 2239 cognoscendis
1019 2189 1362 2239 discernendisque
1392 2191 1559 2228 multum
1592 2189 1781 2228 momenti
1813 2189 1941 2228 inesse
1971 2189 2191 2236 videbatur,
2232 2200 2366 2226 eorum

172 2269 288 2305 quam
322 2256 487 2306 plurima
519 2257 669 2307 collegi.

315 2325 456 2363 [ucis
489 2326 625 2364 inclusi
656 2328 841 2377 leguntur
876 2340 1015 2367 omnes
1046 2328 1070 2366 ii
1100 2328 1192 2375 loci,
1233 2328 1298 2378 qui
1330 2342 1410 2367 non
1443 2342 1489 2367 ex
1521 2327 1669 2367 Sidonii
1700 2327 1880 2378 operibus
1912 2326 2078 2377 excerpti
2110 2330 2213 2374 sunt,
2253 2330 2367 2374 atquc

173 2392 440 2441 significantur
472 2395 605 2433 litteris
629 2395 752 2443 Caes,
787 2397 842 2443 E„
876 2397 932 2443 F.,
966 2397 1024 2444 G„
1058 2398 1113 2444 L.,
1148 2398 1204 2444 P.,
1238 2397 1299 2444 R„
1333 2398 1386 2444 S„
1421 2397 1480 2444 T.,
1504 2397 1547 2435 V.
1575 2396 1760 2446 epistulae
1783 2396 1963 2443 Caesarii,
1987 2395 2163 2442 Eufrasii,
2187 2393 2364 2441 Fausti,
2408 2450 2412 2451 ⁷

173 2461 318 2507 Graeci,
354 2462 495 2509 Lucidi,
529 2463 693 2511 Paulini,
726 2465 922 2512 Ruricii,
958 2466 1099 2513 Sedati,
1133 2466 1320 2513 Turentii,
1355 2466 1550 2513 Victorini,
1583 2465 1717 2504 litteris
1745 2465 1802 2504 Cl.
1825 2465 1988 2515 epistula
2009 2465 2074 2503 illa
2096 2462 2363 2509 Claudiani,

173 2543 270 2579 quae
302 2532 515 2570 seeundum
547 2538 651 2572 tenet
680 2534 810 2572 locum
841 2534 879 2572 in
912 2534 1059 2573 Sidonii
1091 2535 1343 2585 epistularum
1374 2535 1472 2573 libro
1503 2534 1564 2581 IV,
1598 2533 1731 2573 veluti:
1766 2537 1855 2581 [non
1872 2536 1964 2571 velis
1983 2536 2138 2571 :nolis
2156 2535 2196 2569 R.
2215 2534 2366 2579 350‚19]‚

174 2596 382 2639 [undeunde
409 2598 460 2633 Cl.
487 2599 614 2643 53,1T].
1300 2600 1302 2602 ¹
