2583 4011
226 89 368 120 Lxxu'
884 86 1152 120 PRAEFATIO
1180 87 1229 120 IN
1257 86 1497 121 RVRICIVM
1524 86 1763 122 KRUSCHII.

226 206 408 253 rampe).
440 200 709 251 c.1.·te'1251211¹›·ct.
742 198 932 240 multare
964 200 1150 254 (saepe).
1211 200 1337 240 Hanc
1372 200 1556 241 restitui.
1591 224 1643 228 —
1676 199 1731 239 In
1762 203 1861 241 ante
1894 199 1908 239 l
1937 213 2023 240 non
2057 200 2304 241 assimilavi.
2366 199 2416 240 In

227 270 264 304 (ἐ
290 267 418 306 etiam
443 273 540 307 ante
564 267 585 307 l»
617 267 761 321 (raro).
795 282 845 307 m.
870 282 915 318 p.
945 282 966 306 r
988 267 1347 322 (nonnumquam)
1381 269 1424 308 in
1455 272 1670 308 servatur:
1705 267 1901 317 inbecilla
1933 268 2188 317 inmensam-my
2221 268 2421 309 immemor

225 334 448 388 rst=111pcl·).
484 335 720 378 imminente,
756 336 1037 377 e'n›)1‹›r†‹de'tas
1069 337 1251 391 (saepe).
1282 337 1576 382 innezmdite'm’,
1611 336 1851 387 inpeditam.
1884 337 1977 388 «ἐνψ-
2001 335 2146 391 (fere),
2184 337 2420 377 iam-acimaa-

223 403 328 443 hilis.
366 404 592 455 e'›2›·e'51asz‘e's.
627 429 679 434 —-
718 404 797 456 Op-
831 410 872 445 et
906 406 1012 456 Sap·
1046 412 1144 446 ante
1179 421 1204 460 p
1235 406 1402 460 scripsi.
1436 411 1479 446 at
1503 405 1541 445 G
1565 421 1571 445 :
1596 405 1873 457 obproprium,
1905 405 2192 457 subpresso-is.

369 471 413 511 ln
449 472 593 512 codiee
620 474 658 511 (J
691 474 903 527 epistulae
929 473 1073 513 Fausti
1107 473 1158 513 ad
1191 473 1385 514 diversos
1420 473 1686 527 praecedunt
1719 488 1792 515 eas
1825 488 1935 528 quae
1969 474 2021 514 ad
2044 474 2266 514 Ruricium
2290 473 2419 514 datae

224 550 335 582 sunt.
398 539 500 580 Mihi
534 555 635 581 vero
670 555 924 596 persuasum
959 548 1024 581 cst
1057 542 1182 581 liuius
1216 542 1408 595 eorporis
1443 546 1663 582 auctorem
1695 542 1891 596 epistulis
1921 556 1945 582 a
1968 542 2142 582 Ruricio
2174 542 2422 596 compositis

224 609 361 648 nullas
401 609 678 662 praemisisse
722 610 801 650 nisi
842 624 862 649 a
906 610 1066 649 Fausto
1109 609 1289 663 aliisque
1331 609 1383 649 ad
1422 609 1642 649 Ruricium
1687 610 1823 658 datas,
1867 624 1921 650 ex
1961 610 2044 651 alio
2085 614 2228 651 autem
2271 609 2419 651 codiee

225 677 372 717 Fausti
418 691 523 731 quas
562 678 614 718 ad
657 679 850 719 diversos
890 678 1005 718 dedit
1044 677 1281 731 luicidique
1323 677 1533 731 epistulas
1574 678 1623 717 iis
1664 678 1768 718 locis
1807 679 1994 719 insertas
2035 692 2150 725 esse,
2190 679 2260 733 qui
2298 678 2422 719 vacui

223 755 513 800 superesstnt.
565 749 704 792 Quam
730 747 781 787 ob
808 761 893 787 rem
919 747 1154 800 pleraeque
1180 747 1219 785 in
1243 746 1334 800 ipso
1357 746 1562 800 principio
1587 746 1822 787 collocatae
1847 751 1958 798 sunt,
1991 747 2101 788 duae
2119 748 2151 800 1)
2184 760 2286 787 vero
2311 747 2424 788 inter

223 814 432 868 epistulas
459 814 643 854 Eun-asu
677 820 718 855 et
743 815 934 855 Uaesarii
967 814 1020 854 ad
1047 814 1265 855 Ruricium
1287 813 1409 854 datas
1440 815 1736 869 interpositae.
1786 815 1834 855 In
1866 815 1975 856 hanc
2003 819 2148 856 autem
2177 816 2420 871 opinionem

227 882 267 922 id
301 883 565 936 potissimum
601 897 666 922 me
700 882 833 923 (luxit.
868 883 981 936 quod
1014 883 1055 922 in
1090 882 1365 936 Sangallensi
1399 883 1611 937 epistulae
1645 882 1697 922 ad
1730 882 1952 923 Ruricium
1991 883 2117 924 datae
2151 898 2176 924 a
2207 884 2334 924 tertia
2367 883 2421 924 ad

223 950 493 991 umlecimam
527 952 714 991 numeris
748 951 940 991 Ill—XI
974 951 1203 992 distinctae
1237 955 1355 1000 sunt5
1388 951 1507 992 nulla
1539 951 1702 992 ratione
1736 951 1885 992 habita
1912 952 2170 1006 scriptarum
2202 966 2227 992 a
2258 951 2420 993 Fausto

223 1018 275 1059 aul
315 1019 522 1059 diversos.
586 1019 828 1074 Epistulam
861 1018 926 1059 XI
958 1018 1147 1059 Eufrasii
1179 1019 1232 1060 ad
1264 1019 1487 1061 Ruricium
1528 1025 1765 1075 sequuntur
1796 1020 1906 1062 duae
1949 1035 2056 1075 quas
2090 1022 2421 1062 commemoravi

224 1087 369 1127 Fausti
411 1089 641 1142 epistulae.
677 1102 856 1143 quarum
890 1088 1005 1143 prior
1043 1089 1173 1128 etiam
1205 1103 1430 1129 numerum
1470 1090 1552 1130 fert
1582 1088 1690 1135 XII;
1731 1094 1880 1130 carent
1920 1089 2109 1130 numeris
2151 1094 2193 1130 et
2233 1103 2422 1143 sequens

224 1156 371 1197 Fausti
416 1165 457 1196 et
499 1171 576 1197 eae
621 1171 726 1210 quas
762 1156 994 1198 Caesarius
1030 1156 1303 1211 Sedatusque
1343 1157 1398 1198 ad
1442 1157 1664 1198 Ruricium
1704 1157 1929 1199 dederunt.
2000 1157 2098 1199 Duo
2138 1158 2421 1213 epistularum

222 1239 400 1279 corpora
433 1226 471 1265 in
500 1227 537 1264 (i
563 1227 728 1266 coiisse.
763 1226 891 1266 etiam
917 1240 971 1265 ex
993 1226 1183 1266 numeris
1207 1227 1536 1281 quaternionum
1560 1226 1847 1280 intellegitur:
1881 1241 1979 1267 nam
2003 1227 2163 1282 primus
2186 1226 2422 1268 fasciculus

223 1309 259 1348 p.
293 1296 336 1333 17
370 1296 428 1343 (fr.
458 1294 491 1333 I.
527 1295 720 1348 signatus
745 1300 824 1352 estc,
859 1294 911 1335 ab
943 1309 992 1334 co
1015 1299 1159 1335 autem
1184 1294 1254 1348 qui
1277 1295 1459 1349 paginas
1483 1297 1650 1335 50—65
1675 1295 1975 1350 complectitur
2004 1296 2157 1336 iterum
2181 1295 2421 1336 numeratio

223 1364 371 1417 in‹·ipit
411 1363 463 1403 ab
503 1363 530 1404 Ι.
563 1378 749 1418 pergens
788 1354 943 1404 deinde
992 1364 1191 1404 continuo
1225 1363 1373 1404 ordine
1408 1363 1460 1404 ad
1493 1364 1625 1405 XVII
1657 1363 1716 1419 (p.
1753 1364 1868 1419 317).
1939 1364 2060 1412 Quae
2105 1378 2200 1405 cum
2240 1365 2300 1405 ita
2339 1364 2424 1405 sint

223 1433 406 1487 primum
440 1433 579 1472 lecum
615 1432 710 1472 (ledi
736 1433 902 1487 corpori
926 1434 1209 1488 epistularum
1233 1448 1339 1488 quas
1363 1434 1525 1475 diversi
1549 1434 1602 1474 ad
1623 1434 1846 1475 Ruricium
1872 1435 2150 1490 scripserunt‚
2185 1434 2421 1475 secundum

222 1501 369 1541 Fausti
409 1502 606 1555 epistulis
653 1501 706 1541 ad
746 1501 937 1542 divorsos
978 1502 1103 1544 datis.
1166 1503 1258 1543 Has
1303 1507 1449 1544 autem
1497 1503 1557 1544 ita
1594 1503 1806 1557 disposui,
1854 1508 1900 1544 ut
1949 1518 2057 1558 quae
2099 1504 2140 1543 in
2183 1503 2422 1545 Parisiensi

222 1584 392 1624 quoque
428 1569 574 1611 codiee
608 1580 805 1611 servatae
840 1576 938 1611 sunt
970 1572 1304 1626 praemitterem.

367 1639 566 1693 *lh-nique
608 1639 835 1680 Theodoro
875 1640 1117 1681 Mommsen
1151 1641 1260 1695 grati
1293 1641 1423 1681 animi
1457 1655 1630 1682 sensum
1666 1646 1873 1682 testatum
1906 1655 2001 1682 esse
2035 1641 2151 1691 volo,
2191 1641 2263 1695 qui
2294 1655 2422 1695 quam

223 1708 351 1748 callet
384 1706 643 1748 emendandi
681 1713 817 1749 artem
857 1709 996 1749 textui
1038 1709 1306 1750 restituendo
1340 1710 1576 1750 liberaliter
1608 1709 1815 1750 adhibuit.
1869 1709 2031 1750 Ruricii
2056 1710 2267 1764 epistulas
2291 1710 2422 1750 etiam

223 1776 497 1830 Luetjohann
532 1777 872 1831 perlustraverat
912 1791 1110 1831 quaeque
1154 1777 1235 1818 sibi
1268 1778 1309 1818 in
1353 1782 1541 1819 mentem
1575 1782 1786 1819 venerant
1826 1779 2093 1820 coniecturas
2127 1778 2422 1821 adnotaverat.

363 1868 561 1909 Bffiomxi
594 1883 744 1910 mense
779 1869 898 1924 Sept.
939 1870 1056 1910 leti.

1800 1931 1967 1977 BRUNO
2006 1931 2214 1979 KRUSCH.

363 2053 387 2093 ¹]
418 2052 457 2085 ln
485 2051 604 2085 indice
630 2052 749 2085 altera
775 2052 1015 2086 desideratur.
