2583 4011
988 168 1127 202 110011
1161 169 1221 204 ir.
1251 171 1365 213 iss-«3
1392 190 1431 193 --
1460 170 1498 203 21
1522 173 1586 213 ,ξι
2340 175 2384 212 71

186 288 319 343 gladii
353 287 511 327 balteis
546 284 952 341 supercurrentibus
987 284 1251 325 strinxerant
1293 285 1438 324 clausa
1486 285 1658 324 bullatis·
1701 286 1831 325 latera
1878 287 2154 329 rhenonibus.
2219 304 2269 328 eo
2314 303 2396 342 que
2442 291 2464 325 :3

184 356 471 398 comebantur
517 358 670 395 ornatu
715 353 1043 394 muniebantur:
1100 353 1263 393 lanceis
1305 353 1473 393 uncatis
1524 354 1834 407 securibusque
1887 357 2168 397 missibilibus
2215 357 2395 398 dextrae

184 426 372 467 refertae
403 423 555 479 olipeis
588 423 757 463 laevam
792 426 959 477 partem
994 421 1377 462 adumbrantibus.
1411 436 1590 475 quorum
1626 422 1697 461 lux
1736 422 1776 461 in
1810 424 1985 463 orbibus
2019 426 2161 466 nivea.
2203 427 2317 466 fulva
2355 427 2394 466 in

182 493 442 535 umbonibus
476 492 535 533 ita
569 506 747 533 censum
782 490 993 546 prodebat
1027 496 1073 531 ut
1107 490 1309 531 studium.
1374 495 1527 530 cuneta
1564 505 1738 544 prorsus
1774 491 2033 533 liuius-modi,
2069 500 2108 533 ut
2148 495 2187 534 111
2225 495 2394 535 actione

129 574 141 593 Γ»
183 563 473 604 thalamorum
508 575 592 601 non
626 564 860 616 appareret
891 560 1030 600 minor
1053 559 1205 600 Martis
1239 573 1394 614 pompa
1420 574 1547 613 quam
1568 558 1769 600 venei-is.
1818 560 1891 600 sod
1915 561 2013 614 (111111
2043 562 2147 602 ime«-
2175 563 2394 617 pluribus?

184 631 436 686 spectaculo
470 630 544 671 tali
579 629 671 670 sola
703 629 952 684 praesentia
994 632 1067 669 tua
1112 628 1262 669 defuit.
1337 642 1432 667 nam
1475 643 1570 668 eum
1608 627 1798 667 riderem
1834 643 1942 682 quae
1978 630 2053 669 tibi
2090 631 2264 684 pulchra
2299 637 2392 672 sunt

184 714 270 741 non
304 705 345 741 te
379 699 543 749 videre,
576 699 714 754 ipsam
750 714 801 739 eo
836 703 1032 753 tempore
1067 696 1273 739 desiderii
1307 698 1368 738 tui
1402 697 1702 752 inpatientiam
1738 697 2000 739 desiderari.
2065 700 2170 739 vale.

1229 903 1354 945 XXI.

814 1007 1099 1049 SIDONIUS
1133 1007 1293 1048 APRo
1328 1006 1442 1047 SUI)
1479 1006 1774 1047 sAlilss'rEM.

329 1087 432 1149 Est
465 1107 638 1162 quidem
673 1108 878 1163 princeps
922 1107 963 1147 in
1005 1121 1166 1161 genere
1201 1105 1482 1146 monstrando
1526 1106 1659 1161 partis
1704 1109 1909 1160 paternae
1951 1107 2278 1160 pmcrogativa,
2321 1106 2397 1146 sed
2453 1110 2460 1145 1

115 1187 146 1210 1⁰
190 1182 335 1218 tamen
369 1178 550 1218 multum
586 1182 675 1219 est.
709 1175 823 1231 quod
857 1176 1067 1217 debemus
1101 1180 1145 1217 et
1178 1175 1405 1216 matribus.
1468 1189 1552 1216 non
1587 1175 1699 1215 enim
1735 1190 1755 1215 a
1793 1175 1917 1215 nobis
1950 1174 2112 1229 aliquid
2146 1175 2304 1215 exilius
2339 1175 2401 1214 fas

187 1245 392 1286 honorari
428 1247 542 1301 quod
575 1245 767 1302 pondera
803 1246 975 1287 illarum
999 1260 1128 1301 quam
1154 1245 1268 1300 quod
1303 1246 1484 1286 istorum
1521 1245 1684 1285 semina
1711 1259 1874 1285 sumus.
1920 1244 1995 1285 sed
2025 1244 2203 1299 originis
2227 1250 2400 1285 nostrae

183 1314 457 1357 definiendae
491 1316 675 1358 materia
710 1316 778 1356 vel
811 1316 920 1357 ratio
962 1316 1017 1356 sit
1058 1329 1193 1371 penes
1239 1315 1467 1370 physicos:
1510 1329 1608 1360 nos,
1649 1314 1763 1355 unde
1807 1314 1913 1354 haec
1955 1313 2046 1368 ipsa
2087 1313 2402 1367 praemisimus.

183 1397 514 1440 persequamur.
577 1383 791 1426 Haeduus
824 1389 949 1440 pater
982 1385 1081 1431 tibi,
1116 1389 1255 1425 mater
1287 1385 1483 1425 Arverna
1518 1389 1598 1425 est.
1661 1383 1810 1439 primis
1844 1382 2042 1423 Haeduis
2075 1381 2263 1423 deberis.
2298 1396 2400 1436 ergo
2448 1384 2470 1421 2

183 1467 269 1494 non
302 1453 425 1504 solis,
466 1454 536 1495 vel
577 1457 757 1509 propter
796 1453 902 1494 illud
945 1454 1195 1509 exemplum
1230 1453 1366 1494 nostri
1401 1453 1613 1495 Maronis.
1660 1467 1744 1508 quo
1778 1456 1890 1493 teste
1923 1451 2090 1495 Pallas,
2134 1451 2194 1491 sic
2227 1451 2401 1491 babitus

115 1532 145 1555 ¹⁵
182 1521 322 1564 Areas
363 1521 477 1578 quod
515 1522 681 1578 pariter
713 1527 755 1564 et
795 1522 994 1574 Samnis,
1038 1523 1079 1563 in
1125 1522 1393 1563 Mezentium
1435 1536 1609 1563 movere
1652 1521 1867 1577 potuisset
1905 1526 1951 1561 ut
1990 1521 2245 1576 peregrinus
2284 1534 2401 1560 arma

182 1591 481 1643 Etruseorum,
512 1591 562 1632 ni
592 1591 796 1633 mixtus
819 1596 989 1633 matre
1016 1591 1230 1634 Sabella
1254 1596 1461 1647 partem
1484 1605 1658 1646 quoqu
1674 1606 1695 1631 e
1720 1605 1745 1645 p
1762 1591 1937 1631 atriae
1972 1589 2086 1630 inde
2122 1589 2399 1630 traxisset.

184 1675 286 1703 ecee
318 1661 456 1702 habes
489 1675 694 1716 magnum
727 1662 918 1702 maximo
960 1665 1137 1703 auctore
1171 1661 1501 1713 documentum,
1544 1660 1658 1715 quod
1691 1659 1858 1716 patriae
1891 1674 1991 1715 pars
2025 1657 2314 1713 computanda
2349 1658 2401 1697 sit

185 1735 228 1771 et
263 1730 385 1785 regio
427 1735 646 1778 materna,
686 1730 770 1772 nisi
810 1734 963 1786 poetas
1007 1734 1050 1772 ct
1093 1745 1189 1772 cum
1235 1731 1289 1772 ab
1330 1731 1512 1772 historia
1550 1744 1636 1771 non
1676 1729 1886 1771 recedunt
1917 1728 2089 1770 mentiri
2121 1726 2404 1768 existimabis.

182 1800 317 1855 igitur
347 1799 537 1842 Arverni
570 1801 605 1842 si
637 1800 882 1857 portionem
924 1801 983 1842 tui
1026 1801 1170 1842 saltim
1204 1800 1394 1842 vicissim
1436 1800 1528 1841 iure
1570 1799 1652 1840 sibi
1684 1798 1925 1849 vindicant,
1969 1798 2186 1854 patienter
2226 1796 2405 1837 admitte
2449 1798 2471 1831 3

114 1877 147 1902 2⁰
185 1869 501 1925 querimoniam
534 1869 875 1921 desiderantum,
909 1871 979 1926 qui
1011 1870 1089 1911 tibi
1120 1884 1197 1926 per
1218 1870 1343 1911 unius
1368 1870 1455 1911 oris
1481 1870 1671 1911 officium
1695 1883 1781 1909 non
1803 1868 1930 1909 unius
1954 1867 2143 1923 pectoris
2172 1865 2402 1922 profudere

186 1942 418 1982 secretum.
480 1953 589 1995 quos
620 1940 765 1996 palam
799 1943 843 1981 et
875 1954 1020 1981 eoram
1053 1939 1196 1981 dicere
1231 1943 1356 1995 puta:
1400 1938 1514 1994 ‘quid
1547 1938 1589 1979 in
1622 1943 1665 1979 te
1699 1938 1801 1978 mali
1834 1942 2021 1987 tantum,
2065 1937 2253 1991 ingrate,
2288 1948 2404 1976 com-

184 2008 397 2061 misimus,
430 2012 477 2049 ut
508 2023 587 2064 per
619 2013 683 2050 tot
715 2023 850 2051 annos
883 2010 1100 2065 quondam
1136 2010 1314 2051 humum
1339 2009 1537 2050 altricem
1559 2023 1672 2050 nune
1696 2008 1816 2049 velut
1837 2007 2050 2048 hosticum
2075 2006 2212 2047 solum
2236 2005 2402 2059 fugias?

185 2077 254 2119 hie
286 2077 556 2120 incunabula
586 2083 661 2120 tua
693 2079 902 2123 fovimus:
943 2080 1011 2121 hic
1045 2080 1261 2135 vagientis
1294 2078 1500 2121 infantiae
1534 2079 1742 2120 lactantia
1774 2077 1968 2118 membra
1999 2075 2303 2118 formavimusz
2336 2073 2403 2114 hie

184 2147 419 2188 civicarum
451 2146 705 2189 baiulabare
737 2148 907 2204 pondus
938 2149 1152 2190 ulnarum.
1229 2149 1327 2190 hine
1369 2162 1477 2189 avus
1510 2148 1691 2193 Fronto,
1740 2146 1924 2187 blandus
1965 2145 2043 2186 tibi
2087 2144 2165 2185 sibi
2210 2156 2403 2185 severus,
2450 2145 2470 2182 -l

114 2226 146 2251 2⁵
183 2217 255 2272 qui
295 2218 497 2273 exemplo
537 2232 635 2259 esse
673 2218 889 2273 potuisset
928 2219 1018 2270 his,
1063 2233 1171 2274 quos
1214 2218 1426 2259 habemus
1466 2232 1542 2258 nos
1576 2217 1617 2258 in
1659 2217 1881 2272 exemplo:
1923 2215 2020 2255 hine
2055 2214 2148 2255 avia
2183 2212 2404 2268 Auspicia.

184 2300 294 2342 quae
332 2286 411 2328 tibi
451 2291 550 2342 post
591 2292 691 2329 tuae
735 2288 884 2329 matris
931 2287 1080 2329 orbato
1122 2287 1351 2329 decessum
1398 2286 1607 2343 dependit
1648 2301 1734 2327 una
1776 2299 1924 2327 euram
1973 2283 2167 2324 duarum.
2241 2281 2316 2322 sed
2358 2285 2401 2321 et

185 2360 422 2398 matertera
457 2360 533 2398 tua
574 2357 694 2405 hine,
747 2355 822 2413 [et]
867 2357 966 2399 hine
1006 2357 1087 2398 fuit
1125 2357 1314 2398 sanctior
1355 2357 1517 2398 sanctis
1556 2355 1767 2396 Frontina
1810 2353 2071 2409 virginibus,
2114 2365 2240 2406 quam
2282 2364 2404 2391 vere-

187 2425 317 2467 batur
356 2429 495 2467 mater
532 2431 658 2482 pater
699 2426 1010 2479 venerabatur,
1054 2441 1247 2468 summae
1288 2427 1580 2468 abstinentiae
1613 2425 1782 2481 puella,
1829 2423 1982 2465 summi
2019 2422 2195 2477 rigoris,
2235 2434 2284 2462 ac
2321 2418 2405 2460 fide

329 2599 372 2633 16
398 2598 538 2644 Vergil.
565 2599 656 2635 Aen.
674 2599 772 2642 VIII,
790 2599 859 2635 510
877 2611 948 2644 sq.:
985 2600 1143 2645 gnatum
1169 2599 1401 2642 exhortarer,
1434 2597 1472 2632 ni
1498 2597 1636 2632 mixtus
1662 2599 1779 2631 matre
1805 2595 1954 2631 Sabella
1979 2594 2065 2629 hine
2091 2595 2234 2639 partem
2261 2591 2405 2637 patriae

188 2656 364 2691 traheret.

2243 2708 2250 2734 1

330 2749 347 2782 1
376 2751 483 2795 gladii
509 2751 547 2792 (ii
570 2752 608 2784 in
621 2763 692 2784 ras.
717 2751 793 2793 M1)
812 2752 857 2784 M
946 2762 1049 2795 super
1075 2751 1154 2792 (om.
1180 2748 1411 2790 currentibus)
1429 2749 1466 2781 F
1556 2750 1782 2782 striuexerant
1802 2748 1837 2787 C,
1862 2748 2062 2781 striuserant
2080 2745 2113 2778 Ι)
2202 2745 2327 2778 bulatis
2352 2744 2405 2776 F¹

191 2831 430 2865 renonibusF
521 2844 588 2874 quo
613 2832 650 2865 in
665 2844 737 2865 ras.
755 2831 800 2864 M
806 2832 816 2851 ¹
964 2829 986 2863 3
1011 2831 1141 2874 clypeis
1156 2829 1187 2861 L
1281 2830 1364 2863 suba
1389 2841 1478 2862 corr.
1504 2829 1541 2861 in
1566 2801 1637 2862 sulii
1650 2829 1706 2861 F²
1849 2827 1871 2860 5
1896 2839 2015 2871 pompa
2039 2827 2155 2859 martis
2176 2826 2207 2857 T
2295 2825 2410 2857 martis

194 2912 246 2955 (ar
270 2914 306 2946 in
331 2926 401 2946 ras.
428 2913 507 2954 M2)
533 2913 578 2945 M
714 2913 735 2946 6
760 2913 980 2957 expectaculo
1007 2911 1038 2944 L
1133 2917 1191 2944 tua
1216 2922 1240 2943 8.
1267 2912 1287 2944 l.
1315 2910 1396 2943 adel.
1424 2910 1479 2942 Ι1Ἳ2
1574 2910 1690 2953 pulcra
1719 2909 1783 2942 CF
1925 2907 1943 2938 7
1970 2913 2002 2941 te
2028 2919 2095 2940 non
2128 2907 2160 2938 Τ
2159 2907 2194 2947 C,
2210 2907 2297 2949 sort.
2323 2910 2409 2937 recle

191 2994 434 3037 inpaeieneiam
463 2994 533 3035 CT,
557 2995 803 3038 impatientiam
822 2993 901 3026 JIF
1005 2993 1081 3025 vale
1107 3003 1171 3025 om.
1197 2991 1235 3023 F
1392 2990 1414 3022 ὅ
1440 2990 1692 3033 inscriptionem
1715 3001 1784 3022 uno
1811 3000 1906 3022 cers-u
1932 3000 2001 3020 vac.
2027 3000 2089 3020 om.
2117 2987 2147 3019 L
2265 2987 2408 3019 ASPRO

194 3073 232 3115 (S
257 3085 345 3107 eraS.
375 3073 436 3116 02)
463 3074 568 3107 MCP
672 3075 817 3107 salutem
842 3085 904 3106 om.
931 3073 970 3106 F
1130 3071 1150 3104 9
1176 3071 1334 3115 princebs
1363 3071 1392 3104 G
1552 3069 1598 3103 10
1621 3071 1744 3113 aliquis
1773 3070 1801 3103 C
1905 3075 1983 3112 post
2007 3070 2056 3101 fas
2081 3069 2142 3110 leq.
2168 3075 2217 3101 est
2242 3068 2277 3100 ἰη
2308 3066 2409 3107 TFP,

192 3161 251 3197 ÷
274 3166 300 3187 s.
329 3155 351 3187 l.
377 3155 460 3188 add.
486 3155 531 3187 M
537 3156 547 3174 ¹
692 3154 733 3187 11
760 3155 809 3188 bis
833 3151 855 3186 li
879 3160 956 3187 ante
981 3154 1072 3197 quod
1097 3165 1122 3186 s.
1149 3153 1169 3185 l.
1197 3152 1279 3185 add.
1305 3151 1367 3183 JI²
1463 3163 1564 3194 quam
1592 3151 1667 3183 [ὦ]
1671 3151 1703 3183 Τ
1702 3150 1769 3192 CP,
1793 3153 1839 3183 115
1864 3150 1902 3183 F
2038 3148 2080 3181 12
2105 3149 2322 3182 diffiniendae
2350 3147 2415 3180 CF

193 3235 342 3278 phisieos
358 3235 467 3268 MOF
603 3235 646 3270 13
670 3247 890 3282 ‘psequamur
917 3235 946 3268 G
1035 3239 1112 3267 ante
1139 3238 1189 3266 est
1214 3233 1274 3276 legs.
1299 3233 1359 3265 tibi
1387 3233 1423 3265 ἱη
1441 3232 1479 3264 F
1569 3233 1665 3265 eduis
1682 3231 1727 3263 M
1864 3229 1907 3263 15
1931 3230 2050 3263 archas
2063 3228 2178 3276 MCF·
2308 3227 2349 3260 16
2375 3228 2408 3260 ni

194 3287 331 3369 migtus
355 3315 422 3358 Pl,
448 3316 613 3350 inmixtus
642 3316 671 3350 C
854 3314 896 3348 19
921 3320 982 3349 tua
1012 3315 1055 3355 T,
1084 3314 1099 3346 l
1125 3315 1177 3347 tui
1201 3325 1226 3346 8.
1254 3314 1275 3345 l.
1302 3313 1383 3346 add.
1416 3313 1448 3345 T
1456 3313 1466 3332 ¹
1591 3281 1718 3345 =saltim
1744 3323 1769 3344 s.
1796 3312 1817 3343 l.
1843 3310 1925 3343 add.
1958 3309 1990 3341 Τ
1996 3309 2005 3328 ¹
2148 3280 2329 3342 vlendieant
2353 3306 2390 3339 F
2398 3306 2407 3325 ¹

198 3397 368 3439 pacienter
395 3397 424 3430 O
538 3397 689 3430 ammitte
713 3397 745 3429 L
883 3441 886 3446 Ι
933 3394 979 3429 20
1011 3394 1275 3429 desiderantium
1301 3393 1339 3426 F
1444 3399 1524 3436 post
1554 3394 1621 3426 oris
1651 3404 1676 3425 s.
1703 3393 1724 3425 Z.
1751 3391 1832 3424 add.
1867 3391 1932 3424 mei
1958 3390 2020 3422 M2
2041 3389 2072 3421 T
2076 3390 2088 3409 2
2207 3388 2410 3432 profundere

198 3475 234 3516 (n
252 3488 340 3509 eras.
361 3475 424 3519 02)
446 3476 475 3509 C
593 3442 722 3512 21111110
742 3445 849 3511 letiam
874 3451 955 3511 bort—1
979 3482 1149 3518 transpos.
1168 3474 1205 3507 F
1212 3476 1225 3494 ²
1354 3472 1399 3505 22
1427 3477 1451 3506 fl
1478 3473 1580 3515 (corr.
1606 3474 1641 3506 in
1655 3452 1709 3506 ‘He
1726 3472 1795 3513 F2)
1822 3472 1925 3504 velud
1943 3471 1980 3503 F
2058 3470 2167 3503 solum
2194 3468 2231 3507 (1-1
2257 3479 2343 3500 corr.
2370 3477 2410 3499 est:

196 3567 238 3589 us
254 3556 330 3598 M1)
355 3557 500 3600 effugias
525 3557 697 3591 MTCFP
822 3556 866 3591 23
899 3557 1041 3590 menbra
1065 3555 1110 3588 M
1233 3552 1278 3586 24
1303 3525 1499 3606 0310131ξο10
1527 3553 1573 3586 0²
1645 3563 1785 3586 severus
1816 3552 1881 3585 sibi
1909 3552 1937 3585 G
2063 3549 2108 3582 26
2139 3549 2254 3581 orbato
2279 3547 2409 3588 scripsi,

207 3636 323 3669 orbata
346 3635 425 3668 LM
428 3636 460 3668 T
459 3636 554 3669 OFP
738 3635 782 3669 27
807 3642 865 3670 tua
890 3638 946 3670 hie
971 3636 1002 3670 L
1128 3640 1161 3668 et
1187 3635 1308 3668 seclusi
1493 3632 1539 3666 28
1563 3633 1629 3666 fide
1653 3633 1783 3677 ingenti
1808 3632 1944 3675 scripsi,
1975 3630 2040 3662 fide
2065 3627 2229 3671 indigenti
2254 3626 2300 3668 L,
2334 3626 2411 3658 fidei

200 3715 347 3764 ingentis
371 3715 416 3747 M
419 3715 452 3747 T
450 3715 544 3753 GFP
