2583 4011
143 200 225 239 452

138 311 270 345 adorea
299 311 431 345 11S.18.

137 368 384 412 adstipulator
421 368 508 407 15,8.
542 367 654 402 9ἶ.15.
690 366 823 402 14527.
867 367 912 410 ef.
945 366 1198 411 astipulantur

183 424 475 468 aulstipulantur
501 422 542 466 (⁷)
567 423 657 464 41‚S.

139 481 328 515 adstruere
353 482 467 515 4412.
493 481 604 517 55:26.
632 482 743 515 11513.
772 481 881 517 1405.
909 481 960 526 [L.
986 481 1135 525 291.39].

137 538 365 572 adtremere:
393 549 473 571 cum
500 548 672 572 censurae
699 540 784 572 tuae
809 538 994 572 adtremat
1009 539 1199 580 (attremat

183 594 343 628 MGFPi
370 595 483 628 etiam
510 594 618 629 turba
644 595 791 639 collegii
817 596 929 631 9415.

136 651 297 685 adverbia
326 651 359 684 ίη
389 651 481 686 -im:
514 652 557 694 cf.
584 651 811 696 angulatim.
843 651 1079 694 caesuratim,
1114 662 1198 685 can-

181 708 355 743 cellatim.
371 709 607 744 cavernatim.
623 709 790 745 coactim.
807 709 1008 744 cocleatim.
1024 708 1198 745 cunctim.

182 765 387 808 emicatim,
414 766 644 800 indefessim.
681 766 941 810 nuncupatim.
974 765 1198 802 salebratim.

183 823 318 858 saltim.
339 822 540 857 saltuatim.
560 823 705 861 sensim,
725 823 953 867 singulatim.
973 822 1197 866 syllabatim,

183 880 428 915 trochleatim.
456 879 723 914 tumultuatim.
750 879 920 915 ubertim.
945 879 1198 913 universatim.

135 936 292 970 adverbia
319 938 352 970 in
374 939 470 971 -tust
489 937 531 978 cf.
552 936 716 973 caelitus,
738 936 953 977 cordacitus,
972 936 1198 977 medullitus

184 993 418 1029 naturalitus.
447 993 626 1038 stirpitus.

135 1049 331 1083 adverbium
356 1062 425 1095 pro
450 1051 639 1084 adiectu-0:
666 1049 797 1084 didicit
823 1062 968 1094 quoque
994 1053 1092 1085 facta
1117 1052 1199 1084 tuo·
1232 1047 1234 1090 ζ

181 1119 257 1141 rum
297 1111 384 1142 ante
419 1108 550 1142 ducum
592 1110 628 1141 C.
665 1107 733 1141 VH
761 1107 826 1142 176
862 1108 904 1150 cf.
931 1108 1067 1142 Auson.
1101 1107 1197 1150 epist.

183 1164 313 1198 XXII
326 1170 409 1207 2,-46.

136 1221 397 1265 [advigilantia
424 1223 465 1256 R.
491 1222 640 1265 312311.

135 1278 355 1312 advocatio:
383 1278 412 1312 si
448 1290 528 1312 cum
564 1279 744 1313 instrucre
778 1278 978 1323 dignanter
1003 1279 1198 1314 advocatio

180 1335 346 1369 consulta
373 1336 516 1370 fastidit
543 1337 631 1371 911.

135 1391 361 1426 advocatus:
388 1395 428 1426 ut
463 1393 633 1427 advocati
668 1393 759 1427 mihi
791 1393 828 1427 in
860 1393 1069 1428 actionibus
1095 1405 1198 1438 repe-

181 1448 378 1483 tundarum
395 1450 675 1494 patrocinentur
691 1452 807 1495 11,18;
823 1451 1068 1485 acclamatum
1083 1453 1138 1485 est
1151 1451 1197 1485 ab

181 1506 278 1540 omui
295 1506 438 1541 Galliae
452 1510 558 1542 coctu
574 1508 795 1552 primoribus
810 1509 1074 1543 advocatorum
1088 1509 1197 1550 131‚7.

135 1563 359 1606 [aedificatio
386 1565 562 1599 sermonis
588 1566 624 1601 F.
650 1566 779 1610 2855}

134 1621 397 1665 aenigmatista
424 1623 556 1657 14814.

137 1689 346 1721 aequaevus
373 1679 461 1713 328.
488 1680 600 1714 4519.
628 1680 739 1721 73,12.
768 1681 902 1722 105,19.
929 1681 1037 1724 127,6.
1066 1681 1199 1722 129,13.

185 1737 319 1770 mmo.
349 1736 399 1779 [F.
427 1737 551 1780 266.6].

136 1793 282 1836 aequali
310 1793 414 1827 lance
439 1794 544 1830 9622
569 1794 611 1836 cf.
637 1794 718 1839 pari
745 1794 870 1839 (parili
890 1793 931 1837 C)
956 1794 1061 1829 lance
1084 1796 1197 1837 2721.

136 1850 407 1894 aequanimiter
431 1852 520 1894 46,9.
547 1852 636 1886 65.1.
664 1852 797 1893 107,13.
824 1852 956 1893 120,10.

135 1918 250 1951 aeque
286 1910 325 1941 ut
351 1921 357 1941 :
388 1908 459 1941 nisi
491 1908 692 1943 amicorum
724 1909 803 1943 vita
834 1910 1024 1943 carentum
1057 1918 1200 1952 semper

179 1975 295 2008 acque
322 1967 360 1999 ut
396 1964 638 2000 incolumium
664 1966 981 2001 reminisceremur
1006 1965 1098 2006 6453
1131 1965 1198 1998 im-

180 2021 377 2065 proborum
407 2022 540 2067 probra
574 2034 691 2067 aeque
723 2025 765 2057 ut
796 2023 994 2068 praeconia
1018 2022 1197 2058 bonorum

181 2078 394 2112 inmortalia
426 2082 577 2114 manent
603 2081 699 2121 84,6;
739 2092 825 2114 nam
863 2092 943 2115 cum
976 2080 1067 2115 mihi
1098 2080 1200 2125 rigor

181 2147 354 2170 censurae
380 2138 466 2170 tuae
498 2137 536 2170 in
563 2137 698 2172 litteris
724 2149 840 2182 aeque
866 2139 908 2172 ut
936 2137 1008 2183 (in)
1036 2138 1198 2172 moribus

183 2193 230 2226 sit
256 2193 491 2227 ambifariam
517 2195 859 2229 contremescendus
887 2196 1027 2236 15926;
1061 2197 1199 2238 (contra

183 2253 218 2284 et
246 2262 471 2294 quamquam
497 2263 614 2296 aeque
641 2253 854 2297 corporibus
886 2264 928 2287 ac
953 2263 1061 2287 sensu
1086 2252 1198 2297 rigidi

182 2307 256 2341 sint
281 2308 360 2343 818
385 2309 426 2350 cf.
452 2309 582 2353 8822).

137 2365 358 2408 aequissime
384 2366 473 2406 865

136 2422 316 2466 aequipar
342 2423 476 2463 130.12.

137 2479 425 2523 aequiperabilis
450 2480 562 2519 8526.

136 2536 374 2579 aequiternus
402 2537 536 2578 14:214.

137 2593 303 2627 aetatula
329 2594 418 2634 53,4.

136 2651 302 2684 affatus:
335 2652 494 2685 offensae
534 2651 819 2685 amaritudinem
857 2651 983 2695 politis
1025 2650 1198 2685 affatibus

186 2708 335 2742 dulcare
361 2709 462 2743 8019
488 2708 530 2750 cf.
557 2710 670 2750 8621.
699 2709 809 2750 1192.
838 2709 938 2751 147,6
963 2709 1009 2743 al.

137 2765 438 2799 affectuosissime
463 2766 551 2806 63‚1.

139 2821 291 2855 affectus
312 2835 318 2855 :
346 2822 518 2856 feminam
545 2822 589 2856 de
607 2823 800 2857 affectibus
819 2822 894 2857 suis
913 2838 954 2851 =
972 2822 1013 2856 (Ie
1030 2822 1200 2865 affinibus

183 2879 242 2920 (cf.
277 2878 437 2913 Sub-ian.
472 2880 513 2913 (Ie
541 2880 618 2923 ffldt.
650 2880 820 2923 clei1,38)
854 2880 949 2920 97.&
991 2880 1119 2924 [unum
1155 2879 1199 2913 de

183 2935 341 2979 propriis
373 2937 564 2970 affectibus
598 2937 639 2970 R.
671 2938 832 2981 340,10];
870 2937 981 2971 redde
1014 2939 1051 2970 te
1086 2936 1199 2971 etiam

184 2992 352 3026 fidelibus
371 2994 508 3035 amicis,
536 2994 598 3037 qui
625 2995 702 3028 iure
726 2996 916 3038 ponuntur
932 2994 1030 3028 inter
1047 2994 1199 3028 affectus

185 3050 319 3089 13418.

139 3106 345 3149 [affluenter
371 3108 412 3141 R.
438 3108 587 3153 3:38.33].

137 3162 372 3207 attrangere:
404 3165 538 3207 flarius
576 3165 789 3199 salebratim
823 3176 991 3199 saxorum
1018 3164 1199 3207 ‚obicibus

183 3222 355 3255 affractus
382 3222 469 3256 269

137 3288 276 3322 agger:
303 3290 527 3323 quamquam
553 3279 643 3312 villa
673 3290 747 3314 non
772 3279 898 3324 paucis
925 3290 1060 3324 aggere
1086 3291 1107 3313 a
1133 3292 1200 3324 pu-

183 3335 278 3369 blico
298 3336 445 3370 milibus
464 3336 608 3370 abesset
627 3337 718 3376 75.5;
745 3347 817 3370 11011
843 3348 908 3370 nos
933 3336 1110 3370 currimus
1135 3348 1199 3381 ag-

183 3404 305 3436 gerem
345 3396 531 3427 vetustum
571 3393 606 3427 C.
647 3393 777 3433 1X16;
819 3405 955 3438 aggere
994 3394 1197 3439 composito

183 3452 352 3483 statuunt
458 3452 637 3484 maestum
665 3450 700 3485 C.
727 3451 886 3486 V11578.

138 3512 364 3547 alabastrum
392 3514 524 3554 128‚16.

138 3575 243 3608 alea:
270 3576 368 3610 intra
394 3577 529 3611 iactum
557 3579 684 3610 tantae
713 3577 817 3611 aleae
843 3578 962 3610 status
988 3578 1116 3610 tantae
1142 3576 1196 3611 fa-

185 3632 308 3667 miliae
334 3633 404 3667 fuit
437 3634 539 3673 5312
570 3636 608 3675 csI
640 3634 734 3668 Oricl.
759 3646 793 3668 α,
818 3645 850 3668 α.
878 3635 972 3668 1376
995 3638 1025 3667 et
1054 3634 1134 3667 Otto
1159 3635 1199 3668 ¹in
1234 3625 1236 3688 ζ

186 3690 324 3724 ‘Arclcir
346 3691 407 3733 fiir
431 3692 492 3725 lat.
519 3691 712 3735 Lerilcoyr!
739 3692 798 3726 rol.
826 3692 895 3726 III
907 3704 945 3736 p.
965 3698 1044 3726 369.

1233 753 1235 778 l

1020 195 1169 230 INDEX
1195 191 1464 230 VERBORUM

1270 308 1491 344 aleatorium
1517 310 1628 347 2529.
1655 329 1698 335 ——-
1725 309 1926 344 aleatorius
1953 310 2066 353 31‚13.

1269 367 1413 401 alienus
1433 367 1489 409 (=
1507 366 1639 410 expers)
1657 379 1664 400 :
1691 366 1748 401 vir
1773 368 1829 401 est
1854 394 1861 401 .
1878 395 1885 401 .
1900 394 1907 400 .
1933 367 2049 402 totius
2068 368 2333 414 popularitatis

1315 423 1458 458 alienus
1483 423 1615 465 11623.

1232 474 1234 479 ’
1270 479 1448 514 alimonia
1473 479 1607 521 10220.

1270 537 1404 581 aliquis
1425 550 1431 571 :
1458 536 1593 581 aliquis
1611 537 1773 580 aliquem
1792 537 1850 581 (=
1869 536 1964 570 alius
1979 536 2116 580 alima),
2142 550 2210 584 ego
2228 539 2333 574 illum

1318 594 1516 638 praecipue
1542 595 1632 638 puto
1659 605 1723 628 suo
1751 593 1874 628 vivere
1900 593 1995 628 bono
2021 595 2133 638 101,8.

1271 651 1397 686 allecti
1423 651 1536 691 8217.

1270 708 1491 753 allegoricus
1518 709 1653 749 109,15.

1232 785 1234 803 1
1268 765 1526 799 allidor-ationis
1540 776 1627 799 usus
1642 778 1648 799 :
1665 764 1882 799 dominandi
1897 765 2080 800 desideria
2093 766 2336 801 dominantur

1314 823 1413 857 3631
1428 837 1434 863 3
1459 824 1561 857 tuam
1580 822 1708 856 tubam
1728 823 1829 856 totus
1847 821 1944 856 orbis
1961 822 2200 857 venerabitur
2215 823 2333 864 56‚16;

1315 890 1419 913 cruce
1435 879 1552 914 culleo
1567 879 1729 913 clamans
1749 879 1953 923 ceterisque
1968 880 2063 921 74,2;
2081 879 2333 925 praestantius

1315 936 1593 980 pulchritudine
1619 936 1742 980 placet
1766 936 1885 979 85‚10;
1920 935 2065 971 invenit
2090 936 2257 972 instituit
2278 937 2335 972 111-

1316 993 1417 1027 vexit
1447 993 1565 1033 87,25;
1603 1004 1686 1027 acer
1726 993 1859 1027 animis
1900 994 2022 1028 alacer
2055 993 2162 1028 annis
2197 994 2334 1037 109‚26;

1315 1050 1385 1084 fide
1411 1049 1550 1084 firmius
1576 1049 1693 1084 forma
1725 1050 1915 1094 pulchrius
1943 1050 2060 1091 130.3;
2095 1051 2248 1086 consilio
2275 1079 2282 1087 .
2301 1079 2308 1087 .
2325 1078 2332 1086 .

1316 1106 1486 1141 convivio
1611 1106 1796 1150 colloquio
1832 1107 1949 1148 130,4;
1991 1108 2124 1142 volunt
2153 1108 2332 1143 vanitatis

1314 1163 1431 1198 videri
1450 1164 1588 1205 13326ς
1608 1164 1815 1198 turbulenti
1829 1166 1935 1209 terga
1948 1165 2124 1199 torrentis
2140 1166 2273 1207 167‚17.
2286 1166 2332 1200 al.

1317 1221 1356 1255 in
1374 1231 1480 1255 carm.
1506 1231 1596 1254 usas
1611 1221 1917 1265 fhequewtissimus
1932 1222 2038 1256 veluti
2060 1222 2142 1263 fers,
2166 1222 2335 1268 fugitive,

1315 1279 1442 1322 fugam
1468 1278 1535 1312 123
1549 1289 1580 1312 V.
1600 1278 1642 1311 10
1668 1278 1709 1320 (3Ῑῖ
1732 1278 1798 1312 124
1810 1290 1840 1312 v.
1857 1278 1911 1313 22.
1943 1279 2009 1313 139
2022 1291 2054 1313 v.
2071 1279 2124 1313 17.
2154 1281 2220 1315 169
2233 1292 2266 1314 v.
2279 1280 2335 1316 34.

1318 1335 1379 1368 171
1400 1334 1500 1368 v.41.
1544 1335 1580 1369 C.
1607 1335 1709 1369 1139.
1742 1336 1796 1369 99.
1829 1336 1906 1370 108.
1930 1336 2007 1371 547.
2039 1336 2120 1371 Vb.
2146 1337 2223 1372 198.
2257 1337 2335 1373 241.

1315 1392 1392 1426 253.
1430 1391 1507 1426 255.
1545 1391 1622 1425 482.
1662 1391 1731 1425 VII
1759 1392 1833 1426 144.
1868 1392 1945 1428 256.
1976 1393 2054 1427 270.
2092 1393 2158 1428 XV
2180 1394 2234 1429 70.
2268 1395 2334 1429 161

1318 1448 1456 1491 (tardas
1482 1448 1578 1482 texit
1602 1448 1784 1483 distexere
1810 1449 1929 1493 telas).
1955 1449 2077 1483 XXIII
2091 1450 2169 1485 376.
2195 1450 2275 1486 404.
2291 1471 2334 1476 —-

1318 1505 1523 1549 [Τ.272,35.
1557 1506 1599 1540 a.
1618 1506 1754 1547 301‚30.
1785 1506 1920 1547 30623.
1946 1507 2059 1548 318,7.
2084 1507 2197 1549 3232.
2222 1507 2334 1550 3268.

1315 1562 1465 1607 333‚10].

1232 1615 1234 1647 l
1271 1619 1375 1663 Alpis
1400 1619 1486 1663 sin-q.
1507 1633 1513 1654 :
1540 1631 1622 1654 cum
1658 1619 1817 1664 primum
1843 1620 1974 1665 tetigit
1998 1621 2094 1666 Alpe
2119 1621 2335 1656 transmissa

1317 1675 1461 1710 Galliae
1476 1677 1592 1711 solum
1608 1677 1724 1718 88,20;
1745 1677 1917 1712 silvosam
1932 1689 1998 1723 per
2013 1679 2145 1723 Alpem
2160 1678 2196 1713 C.
2211 1679 2245 1713 II
2253 1679 2336 1719 510;

1315 1733 1527 1777 praeruptis
1553 1736 1723 1778 porrecta
1747 1734 1787 1768 in
1812 1735 1966 1780 rupibus
1991 1736 2097 1780 Alpis
2123 1735 2160 1771 C.
2181 1736 2268 1770 XVI
2281 1736 2336 1771 95.

1271 1790 1414 1825 altare:
1441 1802 1506 1835 per
1531 1791 1649 1826 lineas
1675 1791 1728 1826 sol
1755 1791 1896 1826 altatus
1919 1793 2039 1834 22,10;
2066 1793 2258 1838 stipitibus
2283 1793 2336 1828 al—

1316 1847 1406 1882 tatis
1446 1848 1756 1892 cancellatimque
1787 1849 2037 1894 pendentibus
2076 1851 2194 1892 90‚11;
2239 1851 2337 1886 altat

1316 1905 1496 1940 lammina
1535 1906 1742 1951 marginem
1784 1918 1970 1941 comarum
2008 1908 2074 1943 136
2103 1919 2137 1942 v.
2168 1909 2213 1944 25
2223 1921 2231 1949 ;
2268 1919 2336 1943 nec

1316 1964 1471 2007 tangere
1496 1965 1652 2007 possunt
1669 1963 1810 1998 altatae
1828 1976 1951 1998 suram
1976 1965 2091 2009 pelles
2118 1964 2154 1999 O.
2173 1964 2335 1999 V11456.

1270 2019 1405 2053 alteros
1425 2035 1467 2048 Ξ
1484 2020 1574 2054 alios
1593 2020 1731 2062 10726;
1759 2022 1980 2066 [insolentius
1996 2021 2126 2056 dictum
2143 2025 2190 2056 est
2207 2035 2215 2056 :
2241 2021 2338 2056 alter

1316 2088 1381 2121 pro
1407 2077 1524 2112 altero
1549 2079 1839 2113 remunerandus
1865 2080 1903 2114 F.
1929 2079 2083 2124 268,30].

1270 2134 1476 2169 alteruter:
1502 2134 1548 2169 ab
1574 2135 1754 2171 alterutro
1785 2137 1874 2178 321,
1901 2137 2012 2179 33,13.
2039 2137 2130 2178 63,5.

1271 2191 1489 2226 altrinsecus
1517 2192 1650 2234 13828.

1269 2248 1569 2285 amantissimus:
1598 2249 1714 2284 frater
1738 2250 1994 2285 amantissime
2020 2251 2132 2292 2322.

1269 2306 1503 2340 ambienter:
1529 2308 1572 2341 ut
1610 2318 1735 2342 omnes
1774 2319 1848 2342 non
1885 2309 2128 2353 aspernanter
2160 2307 2334 2343 audirent

1316 2363 1415 2407 quod
1441 2363 1615 2408 deinceps
1640 2364 1849 2400 ambienter
1872 2366 2085 2410 repeterent
2110 2365 2244 2407 113‚11.

1270 2420 1506 2455 ambifariam
1532 2421 1669 2463 15926.

1269 2479 1435 2513 amicalis
1460 2479 1527 2519 5‚7.

1270 2535 1436 2571 amicitia
1455 2549 1462 2570 :
1487 2535 1573 2579 δίκῃ.
1595 2536 1684 2577 16,1.
1702 2536 1815 2578 35,15.
1830 2536 1942 2578 36,14.
1961 2537 2073 2578 51,17.
2091 2537 2203 2579 5322.
2221 2537 2334 2579 6527.

1314 2592 1427 2637 80,12.
1462 2593 1596 2633 110,16.
1628 2594 1760 2635 118,13.
1788 2594 1898 2636 123,8.
1927 2595 2060 2636 12928.
2087 2594 2207 2637 156,9;
2236 2594 2334 2638 plur.

1317 2651 1405 2691 11‚6.
1442 2650 1554 2693 27,19.
1593 2649 1704 2691 2822.
1741 2651 1829 2692 39,5.
1868 2652 1957 2691 51,3.
1989 2652 2077 2695 59,1.
2109 2652 2197 2693 82,3.
2233 2651 2336 2693 84,10

1315 2707 1412 2751 (bis).
1447 2707 1536 2748 96‚9.
1569 2706 1659 2747 992.
1695 2707 1828 2750 10822.
1866 2708 2000 2750 11628.
2034 2709 2167 2749 117,17.
2199 2707 2332 2752 149,12.

1318 2764 1429 2805 157,4.

1270 2832 1466 2855 amoenare
1493 2822 1604 2862 15,18.

1271 2889 1426 2913 amoena
1461 2879 1614 2912 narratu
1651 2878 1753 2920 3226
1789 2879 1833 2921 cf.
1873 2879 1970 2914 celsa
2002 2881 2208 2915 memoratu
2232 2880 2328 2922 47‚1;

1316 2935 1477 2970 immane
1502 2935 1604 2970 dictu
1631 2936 1723 2979 1‚10;
1759 2935 1782 2970 i.
1808 2938 1960 2971 narratu
1985 2938 2103 2981 80,25;
2142 2936 2336 2982 possibilia

1316 2992 1417 3027 factu
1443 2993 1537 3035 91,8;
1564 2992 1692 3028 votiva
1716 2995 1922 3028 memoratu
1947 2995 2050 3037 5722
2074 3006 2101 3029 r.
2129 2994 2275 3039 dignuS.

1271 3050 1547 3094 amplissimus:
1573 3051 1630 3085 vir
1660 3050 1885 3095 amplissime
1909 3051 2003 3092 5,12;
2034 3051 2074 3085 in
2105 3051 2333 3097 amplissimo

1318 3108 1446 3142 ordine
1472 3109 1588 3150 14,11;
1614 3108 1882 3152 amplissimum
1899 3107 2020 3142 virum
2047 3110 2143 3150 ]5‚1;
2168 3108 2239 3143 viri
2257 3120 2334 3144 am-

1316 3165 1485 3209 plissimi,
1511 3165 1627 3200 soceri
1652 3165 1718 3209 tui,
1745 3165 1916 3209 precibus
1941 3164 2080 3199 indulsi
2105 3166 2225 3207 89,26;
2257 3176 2333 3200 am-

1317 3222 1474 3266 plissimi
1512 3222 1583 3256 viri
1614 3222 1770 3257 Victorii
1808 3221 1953 3256 comitis
1991 3222 2188 3257 devotione
2228 3233 2334 3267 prae·

1316 3282 1449 3314 ventus
1476 3280 1609 3321 123,11.

1271 3336 1513 3381 ampliuscule
1540 3337 1651 3378 148,6.

1271 3399 1503 3434 anachoresis
1532 3399 1669 3442 114‚11;
1696 3399 1919 3433 anachoreta
1945 3398 1981 3434 C.
2008 3398 2093 3433 XVI
2111 3399 2165 3434 97.

1270 3463 1480 3506 anaphora:
1507 3474 1590 3497 cum
1615 3462 1663 3496 sis
1690 3489 1697 3497 .
1713 3489 1741 3496 ..
1770 3461 1910 3506 primus
1935 3461 2100 3496 omnium
2130 3489 2138 3497 .
2153 3489 2160 3497 .
2175 3490 2182 3498 .
2207 3462 2330 3508 ponti-

1315 3520 1434 3561 ficum,
1461 3531 1544 3555 cum
1568 3512 1852 3564 praerogativae
1878 3518 2100 3561 subiciatur,
2138 3531 2220 3555 cum
2248 3530 2332 3555 cen-

1315 3588 1421 3612 surae
1458 3579 1546 3611 tuae
1578 3576 1764 3611 adtremat
1795 3576 1922 3618 turba,
1961 3588 2043 3611 cum
2069 3603 2076 3611 .
2093 3602 2100 3610 .
2116 3603 2139 3619 .,
2166 3588 2249 3611 cum
2274 3604 2282 3612 .
2302 3603 2332 3612 ..

1315 3635 1436 3678 94,13;
1463 3646 1536 3669 non
1562 3636 1599 3668 te
1625 3633 1833 3669 communio
1858 3634 2082 3678 provinciae,
2108 3644 2182 3668 non
2206 3634 2330 3678 proxi-

1315 3692 1426 3727 mitas
1465 3691 1646 3734 civitatis,
1685 3702 1759 3726 non
1800 3691 2061 3736 opportunitas
2096 3691 2219 3734 fluvii,
2257 3702 2333 3727 non
