2583 4011
974 216 1115 251 LIBER
1142 217 1221 261 VH,
1249 220 1266 252 1
1287 218 1342 260 §3
1369 239 1410 243 —
1436 219 1458 253 2
1476 220 1495 261 ξ
1511 219 1540 253 7.
2308 228 2385 266 105

173 336 382 377 familiam
414 335 554 376 forma
585 338 822 390 pateretur.
885 347 997 388 quae
1031 337 1176 374 tamen
1210 337 1258 373 ut
1290 338 1415 387 gesta
1447 338 1546 374 sunt
1579 334 1611 374 si
1637 336 1850 391 quispiam
1885 338 2041 390 dignus
2073 339 2233 380 relator
2265 340 2384 380 evol-

173 409 309 456 veret,
342 404 498 445 fierent
520 402 709 444 iucunda
731 407 986 444 memoratu.
1039 401 1115 442 scd
1141 402 1345 456 quoniam
1369 401 1526 442 iubetis
1556 403 1651 458 ipsi,
1685 410 1730 444 ut
1759 406 1920 460 aliquid
1946 409 2066 448 vobis
2089 423 2113 448 a
2136 423 2203 449 nw
2228 411 2387 450 laetum

175 474 487 529 copiosumque
520 472 681 528 pagina
711 471 839 521 ferat,
872 470 973 512 date
1007 470 1203 521 veniam,
1237 471 1272 510 si
1306 470 1416 511 hanc
1451 471 1584 526 ipsam
1620 473 1836 514 tabellarii
1871 477 2004 516 nostri
2047 477 2386 533 hospitalitatem

175 543 352 584 comicis
397 541 559 583 salibus
603 540 939 597 comparandam
987 540 1107 581 salva
1152 544 1393 581 vestrarum
1433 540 1599 580 aurium
1643 543 1875 583 ⁴severitate
1921 547 2287 598 perstringmnus.
2337 562 2388 587 ne

2433 344 2457 381 :0

121 622 135 643 5·
174 610 365 653 secundo
390 611 656 652 insinuatum
682 624 761 651 nos
784 623 897 651 nunc
921 609 1107 665 primum
1141 623 1272 650 nosse
1296 608 1530 650 videamur.
1585 610 1711 651 simul
1738 616 1793 654 ct.
1829 613 1861 651 si
1887 614 2016 653 moris
2041 622 2105 653 est
2129 617 2388 666 regularum.

107 968 138 991 lo

107 1662 140 1686 20

109 2354 143 2379 30

175 685 222 722 ut
255 695 311 722 ex
343 680 527 721 materia.
560 679 674 720 omni
716 683 982 734 usurpentur
1019 678 1232 734 principia
1271 677 1462 729 dicendi,
1513 693 1588 719 cur
1628 678 1696 719 hi(-
1737 694 1907 735 quoque
1941 682 2239 738 quodcumque
2286 686 2386 725 mihi

175 749 517 791 sermocinaturo
550 748 735 789 materia
766 747 938 802 longius
972 752 1208 802 quaeratur
1241 751 1576 802 expetaturque,
1610 748 1690 788 nisi
1728 755 1774 789 ut
1808 751 1997 790 sermoni
2032 756 2178 791 nostro
2213 753 2265 792 sit
2300 754 2392 808 ipso

173 832 249 874 pro
282 832 427 869 causa,
462 818 529 858 cui
563 817 645 858 erit
676 821 826 858 noster
858 830 1001 857 serino
1035 831 1112 872 pro
1146 817 1347 858 sarcina?
1390 816 1575 858 Arverni
1610 817 1708 858 huis·
1743 818 1904 873 patria:
1938 825 2141 873 parentes
2175 822 2388 862 natalibus
2435 826 2457 859 ῖς

175 901 259 928 non
293 887 494 943 superbis
527 886 604 928 sed
637 886 863 933 absolutis,
899 890 942 927 ct
975 886 1087 927 sicut
1111 886 1215 927 nihil
1249 887 1417 928 illustre
1452 887 1680 933 iactantes,
1714 887 1775 927 ita
1812 888 1915 929 nihil
1951 890 2108 930 servile
2133 895 2392 931 metuentes.

175 958 369 999 contenti
401 971 536 999 censu
569 956 737 998 modico
769 956 846 998 sed
870 955 1023 998 codem
1046 957 1115 997 vel
1141 955 1385 997 sufficiente
1409 957 1476 997 vel
1501 956 1658 1000 libero:
1690 958 1845 999 militia
1868 958 1949 998 illis
1973 959 2012 998 in
2038 960 2225 999 clericali
2252 960 2393 1014 potius·

175 1041 304 1082 quam
349 1026 392 1067 in
436 1025 636 1067 Palatino
678 1026 862 1068 decursa
905 1025 1125 1066 comitatu.
1203 1030 1330 1080 pater
1378 1026 1502 1066 istius
1544 1026 1766 1081 granditer
1812 1027 1923 1081 frugi
1969 1034 2011 1069 ct
2054 1028 2201 1069 liberis
2241 1044 2389 1084 parum

178 1095 372 1137 liberalis
414 1096 572 1151 quique
614 1110 691 1152 per
735 1095 912 1136 nimiam
953 1095 1264 1151 parsimoniam
1314 1095 1459 1136 iuveni
1508 1095 1598 1136 filio
1646 1096 1743 1151 plus
1794 1096 2002 1151 prodesse
2049 1111 2175 1151 quam
2224 1098 2395 1153 plaeere

176 1165 393 1208 maluerit.
455 1179 539 1220 quo
574 1165 725 1206 relicto
758 1170 860 1206 tunc
899 1178 1008 1220 puer
1040 1164 1123 1205 iste
1157 1178 1234 1205 vos
1267 1165 1394 1220 petiit
1426 1165 1552 1206 nimis
1586 1165 1841 1221 expeditus,
1887 1166 2000 1221 quod
2035 1171 2127 1208 erat
2160 1167 2394 1208 maximum

176 1235 406 1276 conatibus
438 1235 589 1291 primis
622 1234 1002 1291 impedimentum:
1045 1234 1150 1275 nihil
1185 1238 1252 1275 est
1286 1235 1401 1276 enim
1437 1235 1593 1275 viatico
1628 1235 1713 1276 levi
1747 1236 1934 1289 gravius.
2007 1240 2198 1277 attamen
2232 1236 2395 1291 primus
2441 1239 2461 1275 «1

133 1324 138 1336 ι
178 1305 239 1346 illi
283 1304 326 1345 in
365 1309 510 1346 vestra
548 1296 720 1346 moenia
764 1304 870 1345 satis
914 1303 1133 1345 secundus
1179 1303 1394 1345 introitus.
1459 1303 1595 1344 sancti
1630 1303 1876 1350 Eustachii,
1919 1305 1990 1360 qui
2036 1305 2159 1345 vohis
2193 1304 2395 1346 decessit.

177 1377 368 1415 actutum
409 1373 523 1415 dicto
564 1373 765 1428 factoque
799 1373 974 1428 gemina
1006 1371 1272 1414 benedictio:
1315 1373 1553 1428 hospitium
1588 1373 1709 1414 brevi
1742 1374 2008 1428 quaesitum.
2050 1374 2135 1414 iam
2167 1374 2390 1415 Eustachii

178 1456 280 1484 cura
314 1442 443 1484 facile
477 1442 714 1487 inventum,
749 1442 953 1484 celeriter
984 1442 1169 1493 aditum,
1215 1442 1399 1484 civiliter
1431 1443 1634 1484 locatum.
1697 1443 1780 1484 iam
1814 1443 1997 1498 primum
2033 1443 2184 1485 crebro
2217 1458 2396 1484 accursu

178 1513 382 1554 excolere
415 1512 601 1563 vicinos5
642 1511 881 1554 identidem
915 1512 968 1553 ab
1002 1512 1069 1553 his
1102 1512 1197 1567 ipsc
1230 1512 1346 1553 haud
1378 1517 1666 1568 aspernanter
1697 1513 1940 1554 resalutari.
2010 1528 2141 1567 agere
2176 1527 2270 1554 cum
2306 1513 2392 1553 sin-

177 1582 306 1638 gulis,
339 1586 467 1637 prout
498 1581 658 1623 aetatis
692 1583 802 1624 ratio
825 1582 1124 1638 permitteret:
1158 1581 1430 1637 grandaevos
1455 1582 1692 1638 ‹›bsoquiis‚
1727 1596 1974 1638 aequaevos
2009 1582 2162 1623 officiis
2191 1582 2397 1637 obligare.

178 1650 432 1708 pudicitiam
464 1665 569 1707 prae
605 1652 764 1693 ceteris
798 1651 1169 1707 sobrietatemque
1204 1651 1376 1697 sectari,
1409 1652 1522 1707 quod
1553 1657 1639 1693 tam
1663 1651 1929 1693 laudandum
1953 1652 1995 1693 in
2021 1653 2244 1694 iuventute
2269 1666 2394 1706 quam
2445 1654 2467 1689 ἴ,

180 1735 337 1764 rarum.
414 1720 702 1762 summatibus
748 1720 956 1776 deinceps
995 1725 1040 1762 et
1079 1726 1182 1762 tunc
1225 1721 1372 1763 comiti
1414 1722 1600 1763 civitatis
1648 1736 1732 1763 non
1779 1721 1919 1761 minus
1967 1720 2221 1776 opportunis
2272 1734 2398 1775 quani

177 1790 482 1846 frequentibus
516 1790 714 1832 excubiis
747 1790 927 1845 agnosci
958 1790 1235 1832 innotescere
1268 1790 1633 1838 familiarescere,
1674 1791 1822 1845 sicque
1864 1790 1958 1831 eius
1991 1791 2032 1831 in
2066 1789 2156 1832 dies
2191 1789 2400 1831 sedulitas

177 1861 390 1902 maiorum
433 1858 734 1901 sodalitatibus
774 1860 1042 1916 promoveri:
1083 1860 1232 1902 fovere
1273 1860 1376 1902 boni
1420 1861 1580 1916 quique
1620 1860 1839 1902 certatim.
1880 1861 1991 1901 votis
2034 1873 2184 1901 omnes
2224 1858 2397 1914 plurimi

178 1929 386 1982 consiliis,
418 1929 577 1986 privati
611 1929 736 1971 donis
760 1930 890 1971 cincti
916 1929 1144 1972 beneficiis
1169 1929 1395 1975 adiuvarez,
1430 1944 1593 1986 perque
1619 1929 1727 1971 haec
1753 1944 1853 1985 spes
1879 1943 2073 1985 opesque
2099 1928 2222 1969 istius
2246 1928 2399 1983 raptim

181 1998 489 2054 saltuatimque
533 1999 758 2042 cumulari.
830 2000 940 2041 forte
979 1999 1158 2049 accidit,
1203 2005 1251 2041 ut
1288 1999 1564 2042 deversorio.
1605 2000 1672 2041 eui
1714 2000 1807 2056 ipse
1848 2002 2144 2046 successerat,
2187 1996 2399 2053 quaedam
2445 1998 2469 2034 Γ»

176 2067 339 2110 femina
385 2083 471 2110 non
520 2069 663 2110 minus
717 2083 851 2112 censu
899 2084 1026 2125 quam
1082 2069 1277 2111 moribus
1332 2069 1490 2111 idonea
1539 2069 1822 2113 vicinaretur,
1881 2069 2004 2110 cuius
2051 2068 2139 2109 filia
2195 2067 2400 2108 infantiae

178 2137 263 2179 iam
309 2137 581 2194 temporibus
628 2138 818 2180 emensis
866 2138 1054 2180 necdum
1096 2143 1244 2180 tamen
1286 2138 1508 2180 nubilibus
1554 2139 1678 2179 annis
1724 2137 2119 2194 appropinquabat.
2191 2136 2289 2176 huie
2331 2135 2400 2176 hie

178 2206 365 2248 blandus
399 2207 634 2262 (siquidem
667 2222 720 2249 ea
752 2212 873 2249 aetas
907 2208 1161 2259 infantulae,
1195 2212 1241 2249 ut
1272 2208 1412 2250 adhuc
1438 2206 1668 2262 decenter)
1703 2221 1814 2248 nunc
1838 2206 2051 2263 quaedam
2086 2206 2252 2252 frivola,
2286 2217 2398 2245 nunc

179 2276 282 2318 ludo
317 2280 419 2333 apta
450 2277 646 2331 virgineo
680 2282 826 2319 scruta
858 2277 1070 2327 donabat3
1112 2277 1270 2333 quibus
1310 2278 1382 2319 isti
1414 2291 1565 2333 parum
1599 2277 1838 2333 grandibus
1873 2276 2015 2318 causis
2048 2275 2279 2331 plurimum
2312 2273 2398 2313 vir-

180 2346 395 2401 gunculae
430 2347 599 2389 animus
633 2347 933 2404 copulabatur.
995 2348 1096 2389 anni
1130 2348 1273 2390 obiter
1304 2347 1495 2389 thalamo
1530 2361 1677 2403 pares:
1722 2347 1823 2402 quid
1857 2360 1999 2387 morer
2032 2344 2205 2386 multis?
2251 2342 2401 2383 adule-
2455 2353 2465 2381 Δ

179 2429 320 2468 scens,
355 2416 472 2457 solus
506 2417 648 2458 tenuis
680 2417 955 2473 peregrinus,
988 2417 1104 2459 filius
1137 2417 1326 2459 familias
1360 2422 1403 2459 et
1437 2432 1459 2458 e
1492 2417 1634 2473 patria
1667 2421 1789 2473 patre
1822 2430 1908 2457 non
1945 2415 2081 2457 solum
2116 2428 2199 2455 non
2228 2413 2401 2453 volente

179 2499 330 2527 verum
388 2491 432 2528 et
492 2487 720 2543 ignorante
777 2487 1032 2540 discedens,
1104 2488 1296 2544 puellam
1356 2501 1442 2529 non
1499 2487 1748 2529 inferiorem
1813 2486 2053 2533 natalibus„
2119 2481 2400 2524 facultatibus

180 2555 466 2611 superiorem,
499 2557 643 2598 medio
676 2557 899 2614 episcopo,
931 2558 1032 2613 quia
1062 2557 1215 2609 lector,
1249 2557 1413 2599 solacio
1448 2556 1631 2604 comitis«¹
1663 2557 1764 2612 quia
1797 2556 1950 2599 cliens,
1985 2568 2111 2595 socru
2143 2566 2229 2593 non
2262 2550 2396 2606 inspi-

182 2624 323 2666 ciente
357 2625 670 2679 substantiam,
714 2641 875 2682 sponsa
905 2642 992 2668 non
1027 2626 1296 2683 despiciente
1328 2641 1581 2683 personam,
1624 2640 1806 2668 uxorem
1841 2625 1969 2682 petit.
2012 2624 2234 2679 impetrat,
2268 2620 2401 2661 ducit.

136 2710 142 2723 ³
180 2693 511 2737 conscribuntur
557 2697 734 2739 tabulae
772 2697 1013 2753 nuptiales:
1061 2701 1106 2738 et
1150 2697 1185 2738 si
1229 2711 1314 2752 qua
1355 2702 1422 2739 est
1460 2697 1559 2738 istic
1597 2696 1866 2752 municipioli
1904 2693 2039 2736 nostri
2079 2690 2400 2739 suburbanitas,

321 2879 339 2912 1
364 2882 547 2915 rem-lator
573 2881 676 2924 (duas
701 2883 761 2916 litt.
788 2895 876 2917 eras.
904 2882 969 2926 P2)
997 2883 1030 2916 P
1170 2882 1193 2915 2
1217 2883 1362 2916 iocunda
1388 2881 1526 2915 MOFP
1623 2882 1688 2925 ipsi
1714 2881 1850 2923 scriltsi,
1888 2880 1959 2923 ipse
1985 2877 2123 2911 Mc'FP
2219 2882 2257 2908 ut
2282 2886 2344 2908 om.
2374 2873 2406 2905 P

179 2959 211 3009 4·
226 2933 487 3015 perstringiamus
512 2962 557 2994 M
564 2962 574 2982 ²
735 2962 757 2996 5
783 2975 845 2996 nos
869 2963 951 3006 Leo,
976 2951 1049 2998 sn*
1070 2965 1145 3006 M1,
1169 2976 1237 2997 non
1258 2963 1353 2996 C'FP
1468 2964 1496 2996 si
1521 2974 1561 2996 est:
1586 2963 1648 2995 etsi
1674 2974 1699 2994 s.
1726 2963 1748 2994 l.
1775 2961 1857 2994 add.
1876 2960 1919 2992 M
1933 2961 1942 2979 ¹
2102 2958 2123 2990 ⁴5
2149 2958 2313 2990 matheria
2339 2955 2409 2987 ΜΗ

181 3013 324 3075 dbcendi
341 3042 380 3075 F
387 3043 397 3062 ¹
440 3086 445 3091 .
469 3043 571 3076 michi
593 3043 622 3076 C
736 3042 755 3076 7
782 3045 946 3092 matheria
968 3044 1042 3077 MC
1109 3049 1377 3088 expectaturque
1403 3042 1435 3085 (c
1461 3055 1547 3077 eras.
1578 3043 1608 3074 P
1620 3042 1648 3084 ²)
1678 3041 1738 3074 GP
1807 3042 1872 3074 nisi
1898 3039 2014 3081 MFP,
2040 3043 2063 3071 sl
2081 3039 2110 3071 (¹
2222 3037 2243 3069 8
2263 3024 2335 3071 ἷῖἶιιι
2359 3034 2402 3067 0¹

189 3120 211 3154 9
237 3123 343 3156 nichil
371 3123 406 3165 O,
430 3095 466 3156 1¹11
491 3122 530 3155 F
618 3124 722 3157 nichil
751 3124 786 3166 C,
809 3096 845 3157 iil
871 3124 909 3157 F
1056 3123 1101 3156 10
1124 3125 1249 3158 milicia
1277 3124 1341 3157 OF
1431 3123 1548 3166 pocius
1578 3122 1607 3153 (J
1759 3121 1795 3154 11
1825 3092 1951 3165 palatis)
1981 3121 2026 3153 0¹
2187 3118 2230 3152 12
2256 3119 2406 3161 quinque

187 3202 225 3244 (11
249 3215 338 3236 eras·
352 3203 420 3246 P2)
435 3204 469 3236 P
573 3203 614 3238 13
640 3217 707 3248 quo
727 3211 869 3248 praeter
888 3217 908 3248 q
925 3206 962 3238 in
978 3217 1048 3239 ras.
1064 3205 1103 3238 M
1115 3206 1125 3225 ¹
1238 3203 1282 3237 14
1300 3204 1405 3237 nichil
1422 3202 1486 3236 CF
1541 3203 1631 3235 enim
1650 3213 1712 3235 om.
1735 3202 1764 3234 C
1875 3199 1915 3233 1ss
1933 3202 2022 3233 facto
2040 3201 2196 3242 dictoque
2210 3198 2247 3231 F
2302 3199 2402 3230 benc-

183 3283 284 3316 dictio
294 3283 370 3325 FP,
386 3285 578 3317 benedictio
595 3290 646 3318 est
658 3285 688 3318 C'
696 3290 726 3318 et
742 3285 839 3327 (add.
855 3291 906 3319 est
919 3297 945 3318 s.
961 3285 1042 3336 L—fll
1048 3286 1071 3327 ¹,
1087 3283 1323 3326 erccs.1l[2)ss[
1376 3283 1565 3326 hospicium
1576 3282 1648 3315 MC
1703 3281 1922 3315 eusthaciijl
2025 3280 2065 3314 17
2081 3291 2163 3313 cura
2178 3292 2202 3312 s.
2219 3280 2240 3313 Ι.
2255 3279 2336 3311 add.
2347 3278 2386 3310 M
2398 3278 2406 3296 ¹

185 3361 229 3396 18
252 3365 405 3398 accolere
430 3364 482 3407 (ac
507 3376 595 3399 corr.
623 3365 660 3398 in
685 3377 727 3398 ex
753 3364 823 3408 F1)
850 3365 888 3398 F
954 3333 1079 3399 id‘idcem
1099 3365 1144 3397 M
1151 3366 1160 3385 ¹
1281 3363 1325 3397 19
1350 3364 1555 3408 permittet&
1581 3361 1624 3403 (Sc
1650 3363 1686 3395 in
1710 3373 1780 3395 rae.
1796 3362 1841 3394 M
1847 3360 1874 3404 ¹)
1900 3362 1945 3394 M
2058 3359 2102 3393 20
2127 3360 2329 3404 pudiciciam
2347 3356 2410 3389 (JF

184 3442 228 3476 21
259 3446 438 3488 oportunis
462 3445 602 3479 MC'FP
783 3445 829 3479 22
863 3448 1126 3481 familiarescere
1158 3446 1241 3479 aclcl.
1273 3446 1309 3478 ιή
1337 3444 1450 3487 ὐκανφ
1477 3443 1531 3476 F¹
1675 3444 1895 3477 sedulitas-ss
1928 3442 2030 3484 (duas
2065 3442 2124 3474 litt.
2150 3452 2239 3474 eras.
2265 3439 2341 3481 Ml)
2368 3438 2410 3469 JI

185 3523 231 3558 23
256 3498 366 3579 omnis
391 3525 436 3558 M
442 3526 453 3545 ¹
640 3525 686 3560 24
711 3527 814 3560 cincti
842 3527 1026 3560 Vaticanus
1051 3529 1137 3560 3421
1163 3527 1300 3569 aliique,
1331 3497 1433 3579 ciiicti
1460 3525 1536 3565 ssffl,
1569 3524 1684 3578 cuncti
1713 3522 1808 3556 CFP
1990 3521 2036 3555 25
2062 3521 2246 3554 diversorio
2272 3517 2409 3551 MGFP

185 3603 230 3639 27
254 3607 353 3640 annis
378 3617 443 3640 om.
472 3606 502 3639 Ο
613 3608 840 3652 appropinbat
870 3607 898 3641 0
1000 3608 1056 3641 hic
1080 3607 1194 3648 MOF,
1219 3608 1247 3640 si
1272 3606 1306 3639 P
1465 3604 1512 3638 30
1536 3577 1593 3658 aiil}¹
1621 3605 1666 3638 0¹
1774 3615 1887 3637 moror
1912 3603 1950 3635 F
2051 3602 2247 3634 adolescens
2272 3597 2410 3630 MCFJ’

187 3683 229 3718 31
258 3661 368 3719 famil.
383 3686 421 3719 F
554 3685 601 3719 32
625 3685 670 3730 et]
697 3688 799 3721 etiam
826 3688 855 3721 C
999 3685 1044 3720 33
1069 3688 1189 3720 solatio
1203 3686 1313 3719 MFP
1404 3687 1511 3719 cliens
1535 3687 1571 3719 in
1596 3697 1667 3720 ras.
1684 3685 1727 3718 M
1736 3685 1745 3704 ¹
1841 3683 2035 3727 inspitiente
2050 3681 2087 3713 F
2230 3678 2275 3712 34
2299 3679 2407 3721 despi-

188 3767 294 3800 tiente
320 3766 358 3800 F
490 3764 537 3799 35
561 3772 613 3801 est
638 3779 700 3802 om.
732 3767 761 3802 C

326 3847 497 3881 smomus.
2093 3839 2135 3874 14
