2583 4011
1045 224 1183 260 LIBER
1212 226 1254 264 v,
1283 227 1397 271 uss
1421 248 1463 252 —
1493 230 1543 263 ιδ.
2344 237 2390 274 91

191 341 456 399 suspiriosus
488 341 602 382 extis
635 340 1014 382 incalescentibus.
1076 354 1262 395 namque
1296 346 1340 382 et
1371 342 1579 383 iecusculi
1613 343 1722 384 fibra
1753 349 1947 387 tumenti¹
1984 349 2236 403 pungebant
2270 364 2395 390 exer-

191 412 373 454 citatum
407 409 548 452 crebri
581 409 768 451 dolores.
838 409 987 451 destiti
1028 409 1224 465 protinus
1259 409 1450 465 etipse,
1492 411 1684 452 facturus
1725 415 2032 457 communione
2074 417 2270 458 cessandi
2306 432 2395 459 rem
2441 423 2465 459 b

191 479 396 529 caritatis,
429 492 483 520 nc
517 477 822 520 verecundiam
855 477 1066 519 lassitudo
1099 477 1292 518 fraterna
1323 483 1556 533 pateretur.
1620 494 1744 533 ergo,
1779 486 1825 521 ut
1858 483 2122 527 resedimus.
2166 485 2242 541 [etl
2277 487 2394 527 illum

193 563 293 590 mox
325 561 480 604 aquam
513 547 566 589 ad
598 547 753 589 faciem
786 551 937 602 petere
970 546 1102 588 sudor
1132 546 1377 588 admonuit:
1412 546 1607 589 exhibita
1629 549 1823 603 poscenti
1849 557 1930 593 est.
1966 554 2123 606 pariter
2147 562 2189 595 et
2213 554 2390 596 linteum

134 630 149 651 ⁵
187 619 298 660 villis
341 621 566 659 onustum.
598 617 713 673 quod
746 615 944 673 pridiana
986 629 1167 672 squama
1211 616 1392 672 politum
1436 630 1541 657 casu
1583 616 1661 658 sub
1699 617 1803 672 ipsis
1836 619 2061 661 aediculae
2097 623 2231 663 valvis
2273 624 2393 679 bipa-

117 975 150 999 10

115 1320 147 1344 15

117 2631 151 2657 30

186 688 381 731 tentibus
413 685 467 728 de
500 686 698 728 ianitoris
722 690 867 727 erecto
901 684 1176 727 trochleatim
1210 684 1312 726 fune
1345 686 1539 728 nutabat.
1601 700 1683 741 quo
1715 685 1816 727 dum
1842 702 1917 742 per
1940 690 2071 730 otium
2095 705 2227 744 genas
2251 693 2401 732 siccat:
2437 698 2461 732 ¹.)

187 754 388 808 ‘vellem'‚
420 756 579 812 inquit,
621 755 689 797 ‘ad
733 768 925 812 pannum
965 754 1116 795 similis
1155 753 1285 796 officii
1325 753 1501 810 aliquod
1546 755 1835 796 tetrastichon
1878 756 1977 797 mihi
2019 759 2148 799 scribi
2192 760 2391 802 iuberes'.

186 824 302 871 ‘fiatk
335 825 524 881 inquam.
587 824 677 867 ‘sed
711 824 823 881 quod
857 823 1031 875 moum’,
1063 824 1186 876 dixit,
1222 827 1280 865 ‘ct
1313 838 1470 866 nomen
1504 830 1642 866 metro
1676 824 1875 867 tenerct'.
1939 828 2140 882 respondi
2175 830 2395 884 possibilia

183 895 302 937 factu
340 910 450 951 quae
492 895 777 951 poposcisset.
849 893 941 951 [ait]
983 899 1027 937 et
1067 895 1181 950 ipse:
1234 893 1365 936 *dicta
1407 893 1538 949 ergo)
1607 899 1709 934 tune
1749 908 1829 949 ego
1872 895 2091 936 arridens:
2133 897 2243 937 ’ἰὶίρυ
2288 899 2396 938 svias

186 964 336 1006 Musas
370 965 556 1007 moveri.
599 965 631 1006 si
667 964 798 1006 choro
832 965 1022 1020 ipsarum
1055 978 1140 1005 non
1173 963 1337 1018 absque
1371 962 1547 1004 arbitris
1582 962 1759 1005 vacem,'
1822 963 2047 1018 respondit
2079 964 2150 1005 ille
2187 966 2397 1007 violenter

188 1038 230 1076 ct
262 1034 520 1090 perurbane.
553 1038 602 1075 ut
634 1038 698 1075 est
731 1038 885 1075 natura
908 1033 971 1074 vir
993 1034 1220 1074 flammeus
1254 1030 1515 1088 quidamque
1548 1031 1776 1073 facundiae
1811 1033 1906 1073 fons
1931 1033 2233 1074 inexhaustus:
2270 1034 2394 1076 wide.

187 1102 360 1144 dominc
395 1102 527 1145 Solli.
569 1118 622 1145 ne
662 1103 798 1158 magis
832 1103 990 1159 Apollo
1029 1102 1139 1143 forte
1181 1105 1428 1144 moveatur.
1471 1099 1585 1155 quod
1619 1115 1719 1142 suas
1752 1102 1948 1143 alumnas
1982 1102 2099 1143 solus
2141 1103 2193 1144 ad
2227 1111 2396 1145 secreta

187 1171 425 1214 sollicitas.'
489 1172 571 1213 iam
606 1176 731 1229 potes
764 1186 910 1223 nosse,
943 1185 1070 1226 quem
1104 1171 1304 1227 plausum
1340 1170 1558 1211 sententia
1590 1174 1675 1211 tam
1711 1172 1951 1227 repentina,
1987 1177 2071 1213 tam
2106 1173 2248 1229 lepida
2281 1188 2395 1213 eom-

189 1241 382 1282 moverit.
444 1255 525 1282 nec
547 1242 645 1297 plus
669 1246 859 1283 moratus
892 1255 994 1282 mox
1027 1254 1105 1281 suo
1139 1239 1293 1291 scriba,
1325 1239 1397 1295 qui
1421 1239 1681 1295 pugillarem
1708 1239 1828 1281 iuxta
1851 1240 2043 1282 tenebat.
2077 1241 2129 1283 ad
2156 1257 2221 1283 me
2247 1250 2396 1283 vocato
2421 1245 2466 1281 1⁰

185 1309 406 1352 subditum
439 1310 500 1352 sic
533 1311 802 1367 epigramma
834 1309 1077 1366 composui:

669 1379 798 1421 Mane
830 1393 941 1421 novo
976 1393 1054 1420 seu
1087 1392 1183 1420 cum
1217 1378 1432 1420 ferventia
1464 1377 1624 1419 balnea
1655 1383 1840 1432 poscunt

786 1463 864 1490 seu
897 1462 995 1490 cum
1027 1452 1190 1490 venatu
1220 1448 1341 1490 frons
1376 1447 1590 1489 calefacta
1621 1446 1784 1499 madet,

668 1518 748 1560 hoc
779 1519 926 1560 foveat
956 1518 1138 1575 pulcher
1171 1517 1327 1559 faciem
1357 1517 1600 1559 Filimatius
1632 1515 1776 1563 udam,

782 1588 941 1643 migret
971 1591 1018 1628 ut
1049 1587 1093 1628 in
1124 1587 1322 1629 bibulum
1354 1587 1495 1628 vellus
1528 1586 1582 1628 ab
1616 1600 1689 1629 ore
1723 1586 1874 1642 liquor.

330 1656 605 1714 Epiphanius
639 1660 791 1699 noster
822 1657 897 1698 vix
931 1656 1228 1712 suprascripta
1261 1658 1561 1712 peraraverat,
1604 1659 1647 1697 et
1679 1656 1925 1697 nuntiatum
1958 1660 2025 1697 est
2058 1655 2164 1696 hora
2196 1664 2397 1696 monente

184 1726 388 1783 progredi
421 1726 677 1783 episcopum
710 1725 763 1768 de
798 1726 1058 1782 receptorio,
1091 1738 1257 1781 nosque
1292 1724 1576 1766 surreximus.
1637 1724 1693 1765 da
1724 1725 1970 1781 postulatae
1994 1728 2039 1766 tu
2063 1724 2233 1765 veniam
2257 1725 2394 1765 canti-
2418 1728 2457 1765 11

184 1796 323 1839 lenae.
385 1795 490 1837 illud
523 1800 669 1837 autem
702 1795 843 1847 ambo,
877 1795 992 1851 quod
1024 1795 1162 1837 maius
1196 1799 1263 1837 est
1294 1794 1496 1851 quodque
1529 1809 1598 1836 me
1631 1808 1772 1850 nuper
1803 1794 1847 1835 in
1880 1793 2095 1849 quendam
2129 1793 2222 1835 dies
2258 1794 2393 1835 bonos

187 1865 299 1908 male
322 1865 537 1908 ferentem
560 1865 811 1922 parabolice
837 1879 915 1907 seu
937 1865 1121 1920 figurate
1144 1864 1309 1906 dictare
1334 1863 1524 1906 iussistis
1548 1863 1749 1919 quodque
1773 1862 2028 1919 expeditum
2052 1877 2146 1904 cras
2171 1862 2396 1919 dirigetur.

187 1935 298 1977 clam
331 1939 583 1984 recensete3
617 1939 675 1987 et,
707 1934 743 1976 si
776 1934 933 1991 placet,
967 1933 1149 1977 edentes
1181 1934 1350 1983 fovete;
1385 1934 1420 1976 si
1453 1933 1670 1990 displicet,
1705 1932 1906 1976 delentes
1939 1932 2218 1989 ignoscitote.
2287 1933 2396 1974 vale.

1211 2142 1383 2186 XVIII.

775 2246 1058 2289 SIDONIUS
1092 2246 1333 2288 ATTALO
1369 2246 1481 2288 SUO
1516 2244 1810 2288 SALUTEM.

330 2325 552 2387 HAEDUAE
585 2344 750 2387 civitati
782 2348 824 2386 te
857 2343 1109 2400 praesidere
1143 2343 1345 2400 coepisse
1387 2342 1528 2385 libens
1569 2347 1698 2398 atquc
1741 2357 1838 2384 cum
1877 2342 2037 2398 gaudio
2081 2341 2242 2396 accepi.
2306 2341 2393 2381 lae-

187 2415 310 2457 titiae
343 2428 474 2456 causa
506 2413 819 2470 quadripertita
860 2418 945 2455 est:
986 2413 1147 2469 prima,
1193 2412 1306 2469 quod
1344 2412 1530 2461 amicus:
1575 2410 1787 2461 secunda,
1828 2412 1943 2468 quod
1975 2411 2113 2452 iustus
2147 2426 2215 2454 es:
2254 2410 2395 2459 tertia,

187 2483 301 2541 quod
334 2497 534 2531 scverus;
572 2487 748 2538 quarta‚
781 2482 895 2540 quod
928 2482 1166 2539 proximus.
1237 2496 1321 2538 quo
1354 2482 1421 2534 fit,
1460 2486 1507 2524 ut
1539 2482 1699 2523 nostris
1732 2485 2065 2537 nostrorumque
2099 2479 2394 2522 contractibus

186 2553 421 2610 plurimum
452 2552 562 2594 velis
596 2552 760 2595 debeas
793 2552 937 2609 possis
970 2552 1186 2608 opitulari.
1248 2551 1381 2607 igitur
1412 2551 1684 2608 amplectens
1723 2551 1767 2592 in
1798 2550 2001 2592 familiari
2034 2554 2205 2591 vetusto
2240 2562 2396 2589 novum

189 2623 256 2665 ius
288 2621 519 2680 potestatis
552 2621 758 2679 indeptae
795 2621 1024 2664 materiam
1062 2621 1291 2664 beneficiis
1331 2621 1417 2663 tuis
1458 2621 1544 2662 iam
1583 2620 1657 2662 diu
1689 2635 1867 2677 quaero,
1929 2619 2086 2676 quibus
2128 2633 2196 2661 me
2229 2622 2395 2660 tantum

325 2795 342 2828 1
368 2796 449 2839 estis
465 2796 494 2830 G
583 2806 720 2839 nanque
734 2795 778 2828 M
825 2762 981 2830 tumente
998 2796 1044 2830 0¹
1187 2794 1209 2828 2
1235 2795 1343 2829 distiti
1358 2792 1391 2827 L
1487 2790 1608 2828 sactur'
1633 2789 1674 2834 (r'
1699 2795 1734 2827 in
1758 2806 1828 2827 ras.
1854 2793 1931 2835 31²)
1957 2793 2000 2826 M
2136 2791 2158 2824 3
2182 2792 2338 2825 sedemus
2355 2790 2398 2832 L,

185 2877 336 2910 sedimus
365 2877 397 2910 T
485 2882 518 2910 et
541 2877 662 2910 seclusa·
815 2876 838 2910 4
863 2877 1054 2910 ammonuit
1079 2876 1186 2910 LMO
1283 2875 1452 2909 lintheum
1477 2874 1515 2917 (h
1541 2886 1629 2908 eras.
1659 2872 1732 2914 ΙΝ)
1758 2871 1837 2907 LF
1997 2871 2019 2905 5
2055 2883 2075 2914 q
2101 2872 2225 2915 fidiana
2249 2884 2397 2905 scamma

186 2959 223 3000 (q,
246 2957 268 3001 f»
297 2969 385 2991 corr.
408 2958 446 2990 in
462 2921 553 3003 q(31¹1)i
579 2957 645 2997 P‘)
672 2957 705 2990 P
842 2958 964 3002 pollitfi
1002 2956 1107 3000 (pos-l.
1131 2957 1142 2989 l
1166 2968 1276 2998 eras.5
1313 2959 1352 2990 tt‘l
1383 2956 1421 2989 in
1443 2967 1514 2988 ras.
1539 2955 1583 2987 ,Π
1590 2954 1616 2997 ¹)
1651 2955 1707 2996 M,
1743 2956 1849 2997 ponti]
1882 2953 1926 2994 Τ,
1962 2953 2104 2996 politum
2135 2966 2161 2986 ε.
2188 2955 2210 2986 l.
2236 2953 2316 2986 add.
2349 2953 2396 2985 Τ2

721 3009 742 3028 11

186 3037 208 3072 6
231 3039 422 3072 trocleatim
434 3037 642 3073 LMTCFP
708 3039 864 3091 mutabat
890 3038 935 3071 0¹
1008 3039 1116 3071 siccat
1141 3037 1177 3070 ἰη
1201 3048 1270 3069 ras.
1285 3036 1328 3068 M
1338 3035 1347 3055 ¹
1454 3033 1494 3084 '7
1520 3034 1639 3078 inquid
1653 3031 1688 3066 L
1758 3034 1955 3067 tetrasticon
1977 3032 2077 3075 TCF,
2102 3034 2321 3067 tetrhasticon
2339 3033 2388 3073 M,

185 3090 393 3153 tethlasticmii
417 3119 468 3152 Ρ1
563 3120 665 3152 michi
689 3120 718 3152 0
853 3117 876 3152 8
899 3117 1009 3152 fietF
1097 3117 1185 3150 dixit
1206 3115 1386 3157 LMCFP,
1410 3087 1484 3158 inqt
1514 3115 1551 3156 T,
1566 3116 1655 3157 fort.
1680 3119 1767 3147 recte
1907 3113 1928 3147 9
1952 3113 2002 3147 ait
2025 3114 2062 3146 in
2086 3125 2157 3146 ras.
2176 3113 2219 3145 M
2231 3113 2253 3154 ¹,
2278 3113 2397 3146 seclusi

188 3197 233 3232 10
256 3199 384 3233 moveri
408 3210 524 3233 musas
543 3199 575 3231 Τ
638 3199 776 3232 arbitris
802 3198 928 3241 (prior.
954 3198 965 3230 i
988 3197 1026 3230 in
1048 3207 1119 3229 ras.
1135 3195 1213 3237 211²)
1232 3195 1277 3227 M
1392 3194 1431 3227 11
1457 3201 1536 3228 ante
1561 3192 1799 3239 quidamq;(s1;
1826 3206 1852 3226 s.
1867 3194 1890 3227 l.
1905 3194 1986 3227 add.
2013 3193 2046 3226 Ρ
2055 3193 2079 3235 ¹)
2107 3197 2126 3226 5
2153 3194 2212 3227 liu.
2237 3205 2324 3226 eras.
2343 3192 2393 3224 Ι)2

188 3277 231 3311 12
255 3291 354 3322 mage
376 3279 409 3311 T
494 3279 628 3323 appollo
649 3279 678 3312 G
686 3278 695 3298 ¹
791 3279 970 3321 alumpnas
989 3277 1054 3310 CF
1173 3274 1217 3308 13
1241 3276 1417 3309 sentencia
1436 3276 1465 3308 (J
1554 3275 1671 3318 tepida
1691 3276 1726 3315 C,
1750 3275 1862 3318 lepida
1885 3285 1909 3307 8.
1939 3275 1961 3308 l.
1987 3274 2069 3307 acld.
2091 3274 2137 3307 (1¹¹
2282 3272 2323 3305 15
2349 3274 2396 3306 sie

187 3371 411 3403 epygramma
434 3360 485 3401 M,
508 3361 719 3404 epigramma
743 3360 793 3392 sic
818 3359 856 3392 F
958 3356 999 3391 17
1028 3359 1104 3390 fons
1130 3354 1165 3389 L
1236 3361 1351 3390 manet
1373 3356 1405 3388 P
1533 3355 1576 3389 18
1601 3356 1780 3388 filimacius
1809 3354 1838 3387 (J
1961 3353 2007 3388 20
2031 3334 2128 3387 {51³
2196 3359 2337 3396 paverat
2361 3352 2398 3385 F

187 3440 393 3474 nunciatum
417 3440 524 3473 LMC
681 3438 726 3472 21
751 3410 898 3484 recgstorio
928 3439 976 3473 01
1098 3437 1271 3481 postulata
1295 3437 1326 3469 δι
1350 3437 1485 3506 veniam
1517 3436 1561 3479 (&
1587 3448 1674 3470 corr.
1699 3437 1736 3469 in
1760 3440 1774 3469 t
1800 3432 1874 3477 L²)
1900 3432 1934 3467 L
2095 3433 2140 3467 23
2164 3435 2328 3478 dirigetur
2353 3433 2394 3473 F,

188 3521 392 3564 dirigeretur
415 3520 491 3553 MP
674 3519 720 3553 24
750 3521 837 3553 clam
869 3523 1044 3552 recensete
1073 3529 1137 3551 om.
1164 3517 1202 3549 F
1314 3517 1459 3560 dispicet
1481 3517 1535 3550 F1
1727 3517 1773 3551 25
1798 3518 1957 3551 sidonius
1981 3526 2043 3548 om.
2070 3514 2108 3546 F
2207 3514 2344 3546 ITALO
2371 3512 2401 3544 C

1430 3569 1464 3588 ac

192 3602 339 3635 salutem
363 3612 427 3633 om-
453 3600 491 3633 F
661 3599 706 3633 26
731 3606 765 3633 te
796 3611 821 3633 s.
848 3600 870 3632 Z.
896 3598 980 3631 add.
1011 3598 1059 3630 Τ1
1177 3597 1290 3640 adque
1315 3594 1350 3629 L
1465 3598 1540 3645 cepi
1565 3597 1619 3630 F¹
1739 3597 1870 3631 leticiae
1896 3595 1961 3629 CF
2127 3591 2171 3625 27
2195 3601 2320 3637 causae
2338 3588 2393 3623 L¹

187 3681 291 3715 tercia
316 3681 381 3714 OF
519 3679 565 3714 28
588 3653 612 3724 q)
635 3692 723 3713 corr.
748 3691 789 3713 ea:
813 3677 861 3722 qd
888 3678 934 3712 0¹
1084 3676 1129 3710 29
1154 3678 1339 3721 plurimum
1364 3677 1440 3719 LT,
1465 3649 1583 3722 pinum
1608 3676 1747 3711 MOFP
1843 3657 1928 3710 ¹velis
1953 3658 2103 3719 plurimu
2128 3672 2202 3705 ord.
2228 3677 2306 3703 mut.
2340 3669 2371 3702 T
2380 3670 2389 3689 ¹

186 3759 233 3794 30
256 3761 454 3794 matheriam
480 3760 553 3795 MC
642 3760 710 3795 tuis
734 3759 910 3794 beneficiis
938 3759 967 3793 C
1060 3758 1164 3792 fidere
1190 3762 1322 3790 tantum
1347 3756 1385 3791 F

2050 3830 2119 3864 12*
