2583 4011
107 835 121 858 ὃ

88 1179 119 1202 10

88 1524 120 1548 15

84 2129 118 2154 '20

85 2476 116 2502 25

996 225 1135 260 LlssEu
1164 225 1206 261 v,
1237 227 1321 265 1§l
1353 247 1394 249 -
1422 230 1441 259 ες
1460 229 1524 267 §a
2339 242 2363 274 ¹.»

2312 238 2331 274 sl

1228 414 1285 454 ll.

696 518 979 559 SIDONIUS
1013 516 1362 558 NYMl’llllno
1398 518 1512 558 Su)
1547 519 1842 561 smir'l‘lffl.

302 597 473 657 Lamum
509 615 562 656 de
597 619 711 656 statu
743 615 913 656 animae
948 614 1082 655 tribus
1109 615 1401 656 voluminibus
1438 615 1665 656 inlustrem
1693 616 1931 657 Mamertus
1956 619 2219 659 l'laudianns⁴
2255 623 2361 675 peri-

157 686 352 727 tissimus
386 683 735 725 Christianorum
770 683 1056 740 philosophus
1097 688 1141 723 et
1184 684 1477 738 quorumlibet
1520 685 1684 739 primus
1728 685 1991 725 eruditorum
2035 689 2135 727 totis
2176 696 2364 730 sertata«-

162 753 468 810 philosophiac
509 753 717 795 membris
762 753 929 794 artibus
968 752 1252 808 partibusque
1293 768 1465 794 comere.
1507 761 1549 794 et
1589 754 1792 794 excolere
1838 756 2026 795 curavit.
2069 771 2219 796 nox-vin
2261 773 2366 812 quas

159 826 317 864 vocant
348 822 497 864 Musas
530 821 784 878 disciplinas
817 822 1018 877 aperiens
1053 837 1165 867 esse.
1199 836 1282 862 non
1317 822 1516 863 feminas.
1581 837 1763 877 namque
1806 824 1845 863 in
1880 823 2050 877 paginis
2083 824 2174 864 eius
2210 827 2364 876 vigilax

154 893 292 935 lector
325 891 517 933 inveniet
550 892 720 933 veriora
760 892 934 932 nomina
968 890 1282 936 Camenarum,
1333 906 1443 946 quae
1488 891 1704 947 propriam
1749 891 1801 932 de
1848 908 1893 931 se
1932 892 2011 932 sibi
2055 893 2225 947 pariunt
2260 909 2363 935 nun-

161 961 450 1017 cupationem.
530 960 617 1002 illic
659 961 774 1002 enim
824 965 867 1002 et
915 961 1198 1015 grammatica
1241 959 1394 1001 dividit
1434 965 1477 1001 et
1524 961 1709 1001 oratoria
1749 961 1964 1001 declamat
2014 966 2057 1001 et
2096 962 2365 1003 arithmetiffl

155 1034 354 1072 numerat
386 1034 430 1072 et
460 1030 729 1085 geometrica
762 1030 940 1071 metitur
973 1034 1016 1071 et
1049 1029 1214 1070 musica
1247 1028 1460 1084 ponderat
1498 1034 1540 1069 et
1573 1029 1802 1070 dialcetiva
1835 1029 2028 1085 disputat
2060 1036 2102 1070 et
2137 1032 2366 1085 astrologia

156 1099 405 1156 praenoscit
438 1103 481 1141 et
513 1098 856 1140 architectonica
889 1098 1018 1139 struit
1051 1102 1093 1139 et
1126 1097 1305 1138 metrica
1339 1097 1602 1139 modulatur.
1665 1098 1790 1139 liuius
1824 1099 2022 1139 lectionis
2057 1101 2246 1141 novitate
2280 1101 2365 1140 lan·-

158 1173 273 1210 tatus
297 1168 602 1223 excitatusque
626 1169 877 1210 maturitate
909 1167 1063 1223 raptim
1097 1166 1412 1208 recensendam
1439 1167 1887 1222 transferendamque.
1922 1173 1967 1208 ut
1990 1168 2174 1209 videras.
2209 1169 2369 1224 petisti.

155 1241 203 1279 ut
234 1237 446 1293 petieraS,
486 1237 729 1294 impetrasti
767 1237 847 1278 sub
890 1236 1126 1292 sponsione
1169 1237 1280 1277 citae
1314 1236 1632 1279 redhibitionis.
1696 1252 1774 1279 ner
1808 1253 1875 1278 nn·
1908 1238 1998 1278 falli
2032 1252 2110 1279 nee
2143 1243 2184 1277 te
2219 1239 2369 1279 fallere·

154 1306 295 1349 decet.
357 1310 530 1363 tempus
565 1312 632 1349 est
673 1305 946 1349 commodata
985 1307 1173 1347 restitui.
1219 1306 1320 1361 quia
1359 1306 1471 1348 liber
1509 1307 1624 1362 ipsc.
1670 1308 1703 1348 si
1739 1308 1921 1363 placuit.
1966 1307 2115 1348 debuit
2159 1308 2368 1348 exhibere

160 1375 423 1424 satietatem,
456 1376 491 1417 si
524 1375 758 1432 displicuit,
793 1375 944 1417 debuit
976 1389 1152 1417 movere
1182 1375 1420 1418 fastidium.
1482 1382 1527 1417 tu
1560 1382 1718 1417 autem.
1753 1377 1956 1431 quicquid
1992 1376 2094 1417 illud
2129 1383 2208 1422 est,
2241 1377 2366 1418 fidem

158 1448 276 1486 tuam
318 1445 523 1487 celeriter
561 1445 763 1493 absolve,
805 1459 859 1487 ne
902 1445 938 1486 si
979 1445 1213 1501 repetitum
1254 1445 1451 1486 libellum
1495 1446 1635 1487 serius
1678 1445 1861 1487 reddere
1901 1461 2051 1502 paras.
2096 1447 2368 1488 membranas

156 1514 302 1570 potius
335 1513 523 1557 videaris
555 1528 702 1557 amare
736 1528 864 1571 quam
897 1514 1080 1556 litteras.
1142 1514 1254 1556 vale.

1221 1708 1306 1753 III.

679 1811 963 1855 SIDONIUS
995 1812 1370 1855 APOLLINARI
1405 1812 1517 1854 SUO
1553 1812 1847 1855 SALUTEM.

319 1892 416 1953 PAR
449 1916 541 1953 crat
574 1911 749 1967 quidem
781 1912 1083 1967 garrulitatem
1116 1915 1308 1953 nostram
1346 1911 1509 1953 silentii
1543 1912 1677 1953 vestri
1710 1912 1870 1953 talione
1910 1912 2084 1954 frenari.
2155 1912 2230 1953 sed
2264 1926 2367 1966 quo-

155 1981 271 2022 niam
304 1980 500 2037 perfecta
532 1980 709 2023 dilectio
742 1995 829 2023 non
861 1986 949 2023 tam
977 1981 1109 2024 debet
1132 1982 1342 2023 recolere.
1378 1981 1477 2036 quid
1504 1982 1744 2023 officiorum
1770 1983 1921 2023 solvat.
1955 1996 2081 2037 quam
2106 1982 2367 2022 meminisse.

157 2050 259 2106 quid
291 2050 472 2102 debeat,
519 2051 650 2093 etiam
692 2066 807 2093 nunc
848 2051 1006 2093 laxatis
1047 2050 1339 2093 verecundiae
1381 2049 1564 2092 habenis
1603 2051 1859 2106 obsequium
1894 2051 2072 2106 alloquii
2106 2050 2369 2106 impudentis

155 2119 378 2163 iteramus.
441 2121 564 2162 cuius
596 2120 856 2177 improbitas
889 2121 958 2162 vel
998 2120 1098 2161 hinc
1144 2120 1335 2161 maxime
1379 2119 1636 2161 dinoscitur.
1678 2120 1790 2175 quod
1832 2120 2001 2161 tacetis.
2076 2134 2236 2175 ergone
2269 2119 2368 2175 quid

158 2194 357 2246 tempore
389 2190 643 2232 hostilitatis
677 2190 883 2246 ageretis.
916 2190 1064 2239 frater.
1098 2203 1227 2231 nosse
1262 2203 1347 2231 non
1382 2190 1547 2231 merui?
1594 2189 1901 2231 dissimulastis
1933 2189 2102 2245 trepido
2136 2203 2212 2245 pro
2246 2189 2369 2230 vobis

158 2259 298 2301 amieo
330 2259 400 2301 vel
434 2259 714 2301 securitatem
747 2258 932 2315 prodere
973 2259 1042 2301 vel
1085 2258 1313 2300 timorem?
1365 2259 1465 2314 quid
1505 2264 1572 2301 est
1606 2259 1744 2306 aliud.
1787 2259 1822 2300 si
1857 2259 2093 2314 requirenti
2131 2263 2227 2299 tuas
2267 2272 2367 2313 sup-

160 2327 323 2384 primas
356 2329 568 2382 actiones,
602 2342 730 2384 quam
764 2328 977 2384 suspicari
1010 2342 1121 2381 eum,
1156 2329 1226 2383 qui
1259 2329 1320 2369 tui
1355 2329 1566 2370 sollicitus
1601 2329 1782 2371 existat.
1815 2333 1888 2370 aut
1922 2333 2040 2370 certe
2077 2341 2161 2369 non
2194 2327 2369 2381 gavisu-

158 2412 253 2440 rum
286 2397 522 2454 compertis
553 2397 777 2454 prosperis
811 2401 886 2438 aut
918 2397 1101 2441 tristem.
1136 2398 1171 2438 si
1204 2397 1380 2439 diversa
1412 2398 1640 2443 cesserint.
1673 2412 1757 2439 non
1786 2398 1977 2439 futurum
1991 2402 2007 2436 ’ἰ
2041 2398 2229 2438 facessat
2261 2396 2367 2438 hae(-

158 2481 184 2509 a
215 2466 342 2509 bonis
374 2466 567 2509 moribus
601 2467 841 2522 impietatis
875 2467 1022 2523 opinio
1056 2472 1099 2509 et
1132 2482 1156 2508 a
1188 2466 1374 2509 candore
1409 2481 1486 2507 suo
1519 2481 1623 2509 vera
1654 2467 1811 2509 caritas
1845 2480 2029 2508 naevum
2063 2470 2149 2507 tam
2184 2465 2367 2508 miserae

163 2535 425 2592 suspicionis
458 2536 669 2578 eliminet.
733 2549 941 2592 namque,
981 2541 1028 2578 ut
1061 2535 1243 2592 Crispus
1275 2540 1425 2578 vester
1456 2536 1662 2587 affirmat,
1696 2535 1830 2577 idem
1864 2535 2003 2577 velle
2037 2539 2199 2590 atque
2232 2534 2368 2576 idem

155 2605 327 2658 nolle7
361 2619 426 2647 ea
457 2605 669 2648 demum
700 2606 857 2648 firma
889 2605 1141 2648 amicitia
1175 2610 1271 2648 est.
1333 2605 1501 2647 interea
1535 2605 1570 2646 si
1604 2606 1673 2647 vel
1694 2619 1771 2647 vos
1800 2604 1971 2657 valetis.
2002 2604 2114 2647 bene
2148 2608 2228 2646 est.
2288 2618 2369 2660 ego

294 2778 339 2813 26
364 2777 520 2814 Sallusti
544 2777 653 2814 Catil.
678 2789 708 2813 c.
732 2778 788 2823 20,
804 2778 838 2813 4.

296 2870 315 2905 1
342 2873 530 2916 nimphidio
555 2872 596 2904 M
604 2871 672 2913 TP,
698 2873 863 2916 nimphidi
891 2873 926 2914 (l,
951 2873 1147 2916 menphidio
1166 2872 1204 2905 F
1282 2873 1427 2906 salutem
1452 2884 1516 2905 om.
1532 2872 1563 2904 L
1690 2871 1712 2905 2
1738 2873 1904 2906 illustrem
1922 2872 1962 2904 M
1970 2872 2001 2904 T
2001 2871 2094 2905 CFI’
2217 2870 2238 2903 3
2264 2872 2369 2914 philo-

160 2954 255 2986 sofus
273 2953 315 2995 L,
339 2953 527 2997 filosophus
545 2953 582 2986 F
684 2960 746 2987 to-:.=
765 2955 809 2987 tis
834 2953 864 2994 (r
887 2960 923 2987 ut
946 2966 976 2987 v.
1003 2965 1089 2987 eras.
1120 2954 1182 2995 0¹)
1211 2954 1240 2985 (J
1342 2965 1389 2986 an
1413 2958 1589 2986 secretae?
1752 2951 1773 2986 4
1799 2954 1996 2996 philosofiae
2022 2952 2051 2985 L
2158 2952 2306 2984 menbris
2333 2951 2371 2982 J]

163 3032 186 3067 5
211 3045 286 3068 esse
309 3046 335 3067 3.
361 3035 384 3067 l.
410 3034 492 3067 add.
518 3034 572 3067 F¹
692 3046 829 3078 nanque
854 3035 897 3067 M
1056 3034 1077 3067 6
1101 3035 1328 3078 appellatione
1362 3033 1403 3075 T,
1439 3033 1453 3066 l
1480 3034 1687 3077 ficupatione
1712 3046 1737 3066 s.
1765 3035 1786 3066 ί.
1813 3034 1894 3066 add.
1929 3033 1974 3064 ΤΙ
2151 3031 2170 3064 7
2196 3033 2255 3065 all.
2281 3033 2369 3064 enim

153 3119 233 3157 post
249 3114 338 3147 enim
357 3125 444 3148 eras.
463 3114 510 3147 02
581 3116 764 3159 gramatica
779 3115 818 3148 F
883 3115 1031 3149 declarat
1048 3113 1078 3148 C
1146 3114 1368 3157 arydtmetica
1382 3113 1413 3145 L
1531 3112 1552 3146 8
1569 3114 1754 3157 geometrIa
1768 3113 1806 3145 F
1870 3115 1998 3146 musica
2023 3119 2052 3145 et
2069 3111 2090 3144 ἱ)
2108 3113 2242 3144 metrica
2262 3113 2369 3144 locum

158 3199 291 3228 mantare
314 3195 412 3228 nzalit
432 3195 708 3229 Wilamowitzius
778 3196 963 3239 astrologia
982 3196 1019 3237 Τ,
1044 3196 1158 3229 nomia
1183 3209 1208 3227 s.
1227 3195 1250 3227 l.
1268 3195 1350 3227 add.
1377 3193 1424 3225 T2
1551 3192 1572 3226 9
1597 3165 1861 3246 architectsuiica
1880 3193 1953 3234 Λ112,
1977 3192 2229 3226 architectorica
2251 3189 2373 3222 TCFI'

162 3247 356 3345 mogglatur
371 3275 426 3308 L²
521 3276 682 3310 leccionis
702 3275 731 3308 C
868 3273 913 3307 10
937 3275 1063 3308 videris
1082 3274 1124 3315 L,
1149 3273 1240 3307 vidis
1265 3286 1353 3307 corr.
1381 3274 1417 3306 ἱη
1442 3272 1542 3307 vidas
1565 3274 1596 3306 Τ
1601 3276 1613 3294 ²
1757 3274 1796 3306 11
1824 3273 2064 3307 redhibicionis
2089 3272 2125 3312 (11
2151 3282 2239 3303 eras.
2257 3270 2317 3311 0²)
2336 3271 2370 3310 C,

161 3355 372 3389 redibitionis
395 3356 437 3388 M
445 3358 471 3399 ²²,
495 3356 707 3390 redibitionis
730 3355 798 3388 FP
938 3353 980 3388 12
1005 3355 1151 3395 enimF,
1175 3360 1227 3388 est
1256 3366 1281 3386 3.
1307 3355 1329 3387 l.
1355 3354 1436 3387 add.
1453 3354 1508 3386 1³2
1603 3354 1708 3388 restui
1733 3354 1765 3386 L
1859 3354 1944 3386 liber
1969 3363 2031 3385 om.
2061 3352 2090 3384 (J
2179 3351 2314 3383 exibere
2339 3349 2375 3381 F

161 3433 204 3468 13
231 3436 426 3470 sacietatem
450 3436 524 3469 MC
638 3435 681 3469 15
704 3436 782 3469 vale
807 3447 869 3469 om.
896 3435 934 3467 F
1050 3433 1093 3468 16
1118 3434 1317 3478 apollinario
1343 3433 1381 3466 F
1447 3434 1592 3467 salutem
1616 3445 1680 3467 om.
1707 3433 1778 3466 LF
1894 3430 1935 3464 18
1960 3432 2100 3464 dileccio
2129 3431 2164 3472 (J,
2188 3430 2313 3463 dilictio
2339 3429 2368 3460 L

156 3505 277 3550 ‘notam
300 3517 333 3549 L
375 3527 381 3531 ’
477 3515 524 3551 20
547 3528 708 3551 maxume
732 3516 808 3549 MP
950 3515 991 3548 21
1019 3516 1214 3549 hostilitatis
1246 3515 1288 3556 T,
1321 3513 1336 3547 l
1361 3527 1422 3548 nos
1447 3516 1635 3549 honestatis
1664 3528 1689 3548 s.
1718 3516 1740 3548 l.
1767 3515 1849 3547 add.
1882 3514 1930 3545 Τ2
2024 3493 2091 3546 fre-s
2116 3511 2153 3544 F
2241 3509 2368 3552 trepido

162 3608 190 3630 s.
217 3598 239 3630 l.
265 3596 415 3630 add-1³¹
487 3608 521 3641 ‘p
546 3607 571 3628 8.
598 3597 620 3629 Z.
645 3596 805 3629 add.M¹
924 3593 969 3627 22
994 3595 1177 3638 supprimis
1190 3594 1329 3628 MC'FP
1440 3593 1485 3628 ‘23
1508 3596 1630 3639 gavisi-1
1657 3595 1695 3637 (Π
1721 3607 1808 3628 corr.
1836 3595 1871 3627 in
1897 3597 1960 3627 urfi
1987 3592 2053 3633 ΡΙ)
2079 3591 2112 3624 P
2223 3587 2267 3621 24
2291 3593 2368 3621 ame

163 3677 344 3720 compertis
370 3678 433 3720 leq.
459 3680 503 3710 esi
528 3677 565 3710 in
595 3677 628 3709 T
727 3641 883 3718 conpeiis
911 3675 957 3708 0¹
1064 3675 1159 3707 triste
1183 3686 1209 3707 3.
1237 3675 1258 3707 l.
1285 3674 1367 3707 add.
1394 3674 1438 3706 M
1445 3675 1454 3693 ¹
1620 3673 1666 3708 26
1689 3674 1886 3717 suspitionis
1910 3670 2073 3705 LTGFP
2169 3679 2304 3711 nanque
2329 3667 2372 3699 M

163 3757 273 3804 adque
298 3756 341 3799 L,
364 3760 425 3790 aut
448 3755 487 3792 ,F
621 3754 665 3788 27
689 3755 847 3792 amicicia
874 3754 938 3789 OF
1026 3765 1088 3787 vos
1112 3754 1167 3788 vel
1192 3753 1229 3787 F

2414 1104 2437 1140 Ῐύ
