2583 4011
1086 148 1115 181 V
1143 160 1172 182 v.
1204 150 1263 183 194
1294 171 1331 174 α
1362 162 1392 184 v.
1418 153 1494 185 578,
2311 164 2385 202 201

675 260 1028 318 Caesareumque
1062 264 1194 304 larem
1229 265 1333 306 luxu
1368 277 1540 322 torpere
1579 271 1758 323 perenni

673 329 920 372 audieram:
955 332 1150 374 dominos
1184 334 1243 374 nil
1278 335 1456 390 prodest
1491 337 1575 378 isse
1610 339 1793 392 priores.

674 399 709 438 si
744 413 819 440 rex
853 400 921 441 liic
955 415 1125 456 quoque
1159 402 1282 443 fortis
1317 403 1436 444 erat?
1500 406 1663 446 maiora
1697 419 1919 461 parantem

672 467 819 510 dicere
854 469 906 511 de
941 471 1117 526 scopulo
1155 471 1297 513 verbis
1331 474 1534 515 accendis
1567 478 1745 517 amaris:

579 545 628 569 5¹¹¹·
675 538 884 594 'quisquis
918 556 979 585 cs,
1013 540 1202 596 oppositi
1237 543 1392 583 metuis
1426 545 1496 598 qui
1530 545 1695 586 lubrica
1731 547 1842 587 clivi.

673 607 824 661 frange
860 617 1004 649 cutem
1038 609 1269 664 pendentis
1302 625 1441 666 aquae
1476 614 1728 670 scalptoque
1762 617 1924 657 fluento

672 676 727 716 sit
759 676 834 717 tibi
871 678 1046 734 lympha
1078 678 1254 733 gradus.
1317 687 1465 737 turpes
1498 682 1668 738 depone
1703 687 1926 740 querelas:

669 745 757 786 otia
790 746 923 801 frigus
957 747 1129 790 liabent.
1196 751 1401 805 numquid
1438 752 1539 793 milii
1574 754 1770 795 membra
1805 755 1999 797 biformis

670 814 830 869 Hylaei
864 822 1019 858 natura
1049 818 1196 859 dedit?
1246 834 1346 861 num
1382 821 1579 876 Pegasus
1614 824 1695 864 alis

578 893 626 916 5¹¹³·
672 883 835 925 adiuvit
868 886 1071 941 quicquid
1104 888 1278 942 gradior
1311 904 1565 946 pennasque
1602 894 1763 934 volanti

670 953 743 994 dat
776 954 919 995 Calais
953 956 1174 1012 Zetusque
1208 959 1325 1004 mihi,
1360 974 1487 1014 quem
1523 961 1730 1016 ninguida
1764 964 1903 1005 cernis

670 1024 911 1066 calcantem
944 1025 1028 1065 iam
1062 1025 1189 1067 dorsa
1222 1028 1338 1083 iugi?
1392 1043 1468 1069 vos
1501 1030 1664 1085 frigora
1696 1033 1913 1087 frangunt.

671 1107 744 1134 vos
778 1093 943 1148 Alpes?
979 1095 1061 1135 iam
1095 1096 1176 1136 iam
1211 1097 1408 1139 studeam
1444 1114 1629 1155 pensare
1665 1101 1860 1156 pruinas:

668 1167 882 1205 aestatem
916 1163 994 1205 sub
1029 1164 1157 1219 Syrte
1191 1166 1331 1209 dabo*
1396 1170 1455 1210 sic
1490 1171 1665 1225 agmina
1698 1185 1802 1213 voce

575 1241 624 1264 ³³⁰
669 1232 802 1287 erigis
836 1234 1128 1289 exemploque
1164 1236 1305 1278 levas:
1340 1238 1591 1294 prinmsque
1626 1240 1799 1282 labores

666 1302 921 1357 aggrederis
954 1317 1252 1361 quoscumque
1287 1307 1433 1350 iubes:
1467 1314 1556 1349 tum
1592 1315 1740 1351 cetera
1772 1319 1895 1366 paret

667 1372 794 1413 turba
826 1372 980 1419 libens,
1014 1375 1147 1416 servit
1179 1377 1367 1432 propriis
1401 1392 1497 1418 cum
1532 1379 1703 1433 legibus
1737 1385 1899 1423 auctor.

741 1440 825 1489 Qui
856 1441 933 1482 tibi
966 1447 1195 1498 praeterea
1228 1446 1409 1488 comites
1444 1453 1717 1504 quantusque
1751 1452 1960 1505 magister

667 1510 860 1561 militiae,
897 1518 1086 1553 vestrum
1122 1519 1220 1569 post
1254 1529 1329 1556 vos
1364 1516 1435 1571 qui
1469 1518 1677 1572 compulit
1710 1533 1881 1574 agmen.

574 1589 620 1611 ’ἠΰ
669 1579 746 1621 sed
778 1593 865 1621 non
896 1581 1107 1622 invitum?
1141 1583 1312 1638 dignus.
1348 1586 1414 1626 cui
1451 1586 1628 1627 cederet
1660 1589 1733 1628 uni

667 1648 790 1691 Sulla
821 1650 928 1702 acie,
962 1651 1091 1706 genio
1124 1652 1303 1700 Fabius,
1338 1655 1503 1710 pietate
1537 1655 1759 1699 Metellus.

665 1720 835 1775 Appius
870 1720 1055 1776 eloquio.
1090 1722 1129 1762 vi
1162 1722 1358 1766 Fulvius.
1394 1728 1486 1766 arte
1522 1724 1746 1767 Camillus.

666 1790 702 1830 si
734 1789 1039 1845 praefecturae
1074 1797 1261 1846 quantus
1294 1793 1546 1836 moderetur
1579 1795 1787 1838 honorem

665 1859 729 1900 vir
761 1873 961 1915 quaeras,
995 1861 1136 1902 tendit
1167 1864 1341 1918 patulos
1375 1878 1458 1919 qua
1491 1864 1634 1907 Gallia
1666 1866 1793 1911 fines.

571 1937 621 1961 :1⁶50
665 1928 740 1969 vix
771 1928 926 1970 habuit
957 1943 1101 1971 mores
1136 1931 1314 1979 similes,
1349 1933 1414 1973 cui
1450 1938 1562 1975 teste
1597 1940 1753 1977 senatu

665 1997 708 2038 in
742 2011 787 2039 se
822 1998 952 2039 etiam
987 2003 1172 2040 tractum
1207 2002 1483 2043 commiserat
1515 2002 1672 2059 leius
1707 2019 1870 2049 ensem.

665 2066 736 2121 qui
769 2066 903 2108 dictat
935 2067 1063 2109 modo
1097 2068 1189 2110 iura
1223 2068 1360 2119 Getis.
1396 2072 1476 2113 sub
1511 2072 1653 2115 iudice
1687 2079 1832 2116 vestro

665 2135 841 2191 pellitus
875 2151 1023 2178 ravum
1056 2152 1317 2193 praeconem
1352 2142 1535 2197 suscipit
1566 2142 1720 2185 hostis.

665 2205 767 2261 quid
798 2206 953 2261 loquar
984 2207 1053 2248 hic
1086 2208 1219 2254 illum.
1253 2210 1326 2264 qui
1361 2210 1520 2252 scrinia
1553 2226 1677 2254 sacra
1709 2214 1938 2268 gubernat.

571 2284 619 2307 ³135
666 2275 751 2330 qui.
785 2289 881 2316 cum
916 2275 1053 2317 civilis
1087 2276 1313 2332 dispenset
1346 2281 1479 2334 partis
1512 2280 1720 2333 habenas.

665 2344 851 2386 sustinet
884 2346 1037 2387 armati
1071 2360 1209 2395 curas7
1243 2348 1481 2404 interprete
1516 2350 1596 2391 sub
1630 2365 1713 2406 quo

663 2414 852 2456 flectitur
883 2414 936 2456 ad
970 2420 1139 2457 vestras
1171 2431 1280 2472 gens
1314 2418 1449 2460 effera.
1481 2419 1786 2462 condiciones?

664 2484 766 2539 quid
798 2484 977 2526 laudare
1011 2485 1191 2527 Petrum
1224 2488 1382 2543 parvis,
1418 2490 1649 2531 temeraria
1682 2489 1790 2532 Clio.

664 2554 827 2596 viribus
861 2555 1144 2610 aggrederis?
1179 2558 1302 2598 cuius
1336 2557 1537 2613 dignatur
1569 2559 1621 2600 ab
1655 2574 1728 2602 ore

568 2632 618 2655 ῦῖυ
665 2623 828 2666 Caesar
859 2625 902 2665 in
936 2625 1040 2667 orbe
1075 2626 1206 2681 loqui,
1240 2627 1341 2669 licet
1374 2633 1416 2669 et
1449 2624 1681 2684 Quaestore
1716 2630 1879 2673 diserto

664 2693 850 2749 polleat:
884 2698 1077 2736 attamen
1109 2695 1178 2737 hic
1211 2711 1363 2753 nuper.
1396 2699 1692 2754 placidissime
1725 2701 1941 2758 princeps.

666 2763 816 2805 obside
850 2768 1056 2820 percepto
1088 2770 1263 2808 nostrae
1297 2767 1350 2809 de
1385 2769 1613 2811 moenibus
1647 2770 1766 2812 urbis

661 2832 901 2874 visceribus
934 2834 1107 2876 miseris
1141 2835 1354 2877 insertum
1387 2837 1554 2893 depulit
1586 2853 1747 2882 ensem.

662 2906 704 2943 et
735 2902 835 2957 quia
866 2903 1038 2945 lassatis
1072 2904 1249 2946 nimium
1284 2920 1384 2961 spes
1418 2907 1549 2948 unica
1582 2907 1714 2949 rebus

568 2980 614 3003 ’ὣ
661 2971 834 3018 venisti,
868 2973 1042 3024 nostris,
1074 2973 1279 3028 petimus,
1314 2989 1517 3017 succurre
1550 2977 1696 3029 ruinis,

660 3040 1009 3096 Lugdunumque
1042 3046 1173 3087 tuam.
1209 3043 1309 3084 dum
1342 3045 1572 3099 p1·aeteriS‚
1606 3047 1753 3102 aspice
1788 3049 1943 3090 victor:

662 3110 752 3152 otia
782 3115 883 3166 post
914 3111 1070 3153 nimios
1103 3114 1247 3168 poscit
1278 3118 1320 3155 te
1355 3114 1493 3156 fracta
1525 3115 1714 3159 labores.

661 3180 727 3220 cui
758 3194 913 3235 pacem
946 3180 1038 3227 das,
1071 3181 1205 3224 redde
1238 3183 1450 3224 animum:
1485 3185 1649 3226 lassata
1682 3186 1853 3228 iuvenci

307 3292 374 3327 536
405 3306 581 3328 cesai-eum
606 3308 675 3338 qua
701 3296 734 3329 P
837 3297 949 3330 laxem
975 3298 1013 3330 Iv'
1115 3304 1249 3342 torpore
1275 3299 1318 3331 ill
1468 3300 1534 3333 537
1561 3300 1639 3343 isse]
1666 3303 1761 3336 desse
1788 3303 1830 3335 ΣΙ]
1980 3304 2048 3337 5ὃὸ
2075 3307 2122 3339 sic
2150 3306 2187 3339 F
2289 3307 2321 3338 l1i
2350 3306 2389 3337 JI

168 3363 216 3384 cm
240 3351 327 3385 erit?
407 3359 545 3396 parente
563 3354 608 3386 M
728 3353 796 3387 539
821 3357 962 3399 scupolo
980 3356 1025 3388 ΔῚ[
1146 3355 1210 3390 541
1239 3359 1414 3400 scaltoque
1440 3360 1567 3392 fluento
1586 3359 1636 3400 JI,
1661 3361 1858 3404 scalptoque
1884 3363 1992 3396 caltoc
2014 3363 2065 3394 Ta
2189 3363 2258 3396 :343
2279 3365 2384 3406 nquit!

166 3415 197 3442 et
220 3408 289 3443 544
314 3415 338 3442 fl
371 3411 404 3442 T
559 3410 627 3444 546
657 3411 751 3455 mihi]
784 3424 865 3447 suas
889 3414 934 3446 M
1047 3414 1170 3458 cernis]
1204 3417 1302 3448 terris
1327 3416 1360 3448 P
1520 3416 1587 3451 547
1613 3419 1801 3452 aalcantem
1827 3421 1857 3453 C
2015 3420 2083 3454 548
2109 3423 2246 3464 pruinas
2268 3423 2385 3464 culyo:

167 3468 284 3500 ruinas
315 3468 414 3501 codd.
607 3469 674 3503 551
715 3482 914 3514 quoscuque
939 3473 972 3505 P
1161 3472 1229 3505 553
1261 3475 1416 3507 masister
1441 3475 1474 3506 P
1657 3476 1726 3509 554
1761 3478 1905 3511 contulit
1930 3479 1963 3510 P
2151 3478 2218 3511 555
2253 3480 2334 3521 dign
2355 3479 2391 3511 I⁴y

168 3523 236 3557 556
260 3526 348 3569 sylla
368 3527 404 3567 Ο,
427 3527 505 3560 silla
521 3527 665 3560 MTFP
791 3527 858 3562 557
883 3531 988 3564 fulvis
1006 3531 1038 3563 P
1160 3531 1226 3565 558
1253 3538 1420 3575 quantum
1440 3533 1472 3565 P
1588 3534 1656 3567 560
1681 3536 1783 3568 moris
1808 3537 1928 3569 similis
1945 3536 1989 3568 JI
2102 3534 2170 3567 563
2195 3548 2334 3569 raucum
2360 3537 2391 3568 T

167 3584 310 3626 suspicit
333 3583 413 3616 MT
546 3587 669 3630 hospes
694 3587 736 3619 M
921 3588 989 3621 565
1019 3590 1138 3622 civiles
1163 3590 1207 3621 M
1344 3591 1516 3634 dispensat
1541 3592 1579 3624 F
1714 3595 1806 3636 pacis
1837 3594 1869 3625 T
2049 3592 2116 3626 566
2147 3594 2330 3636 interpetre
2356 3594 2389 3625 P

169 3638 238 3673 570
267 3642 399 3674 deserto
416 3642 468 3683 M,
492 3643 654 3677 di*er÷÷0
675 3645 723 3677 Ca
748 3644 800 3685 (in
825 3657 934 3688 τηαν-[χ.
953 3647 1082 3689 repetiit
1107 3647 1230 3680 diserto
1247 3647 1314 3690 Cb)
1432 3647 1496 3681 571
1525 3655 1678 3683 actamen
1697 3651 1735 3683 F
1847 3649 1914 3682 573
1937 3649 2063 3692 ensem]
2083 3651 2214 3683 hostem
2232 3651 2275 3683 M
2280 3651 2311 3683 T
2313 3652 2382 3684 ³C³

167 3696 232 3731 576
257 3698 492 3742 ludunamque
518 3699 584 3742 Pa,
608 3701 861 3746 lucdunamque
888 3702 941 3736 Pb
1082 3703 1150 3737 578
1174 3706 1232 3749 qui
1261 3706 1290 3739 C

305 3777 476 3813 Smomus.
2060 3787 2104 3822 ‘26
