2583 4011
193 169 270 209 158
1005 160 1186 195 SIDONII
1211 158 1554 195 EPISTULARUM

186 279 488 335 disputatorie.
529 277 739 333 quaedam
774 291 926 318 severe
959 276 1189 331 quaepiam
1221 274 1398 320 blande,
1438 278 1594 316 cuncta.
1625 276 1846 318 moraliter
1876 277 2012 328 lecte,
2053 281 2254 332 potenter
2287 279 2376 320 elo-

125 353 162 390 11
187 348 481 404 quentissiuie.
545 348 689 401 itaque
730 361 807 401 per
844 351 964 387 tanta
1002 351 1044 386 tc
1086 359 1248 400 genera
1287 344 1488 386 narrandi
1527 347 1618 384 toto
1660 344 1900 386 latissimae
1941 345 2186 387 dictationis
2227 362 2378 404 eampo

187 427 360 458 secutus
394 417 451 456 nil
484 416 527 456 in
560 415 761 457 facundia
793 420 1048 466 cctcrorum,
1082 415 1139 454 nil
1173 414 1215 454 iu
1250 413 1435 467 ingeniis
1468 413 1596 453 facile
1630 413 1834 467 perspexi
1868 413 1992 454 iuxta
2022 415 2216 469 politum.
2268 431 2376 471 quae

185 499 253 526 me
294 499 395 525 vera
437 485 597 526 sentire
641 484 746 524 satis
793 483 1031 539 approbas.
1082 496 1177 523 cum
1219 496 1298 523 nec
1342 481 1530 522 offensus
1572 481 1699 521 aliter
1737 481 1892 522 iudico.
1961 482 2145 538 denique
2184 484 2377 526 absentis

186 554 342 596 oratio.
376 558 582 608 quantum
615 553 852 608 opinamur.
886 552 982 607 plus
1016 551 1163 605 nequit
1195 563 1414 595 creseere,
1455 549 1536 590 nisi
1571 549 1750 590 forsitan
1783 550 1944 604 aliquid
1976 551 2041 593 his
2075 552 2204 593 addat
2236 567 2380 595 coram
2434 566 2448 587 ἵ»

124 623 399 677 l2loquentis
441 622 627 662 auctoris
666 635 750 661 vox
792 619 963 663 manus.
1005 624 1146 660 motus
1191 619 1341 674 pudor.
1403 617 1563 658 artifex
1603 617 1735 672 igitur
1774 617 1840 658 his
1879 620 2011 660 animi
2052 620 2379 677 litterarumque

185 689 355 731 dotibus
399 690 619 745 p1·a‹.=ditus
660 690 884 730 mulierem
926 688 1148 742 pulchram
1188 687 1263 728 sed
1302 687 1419 727 illam
1459 685 1785 727 deuteronomio
1826 688 2089 743 astipulante
2130 690 2380 744 nubentem,

185 760 356 800 domiue
390 775 519 816 papa.
561 760 637 799 tibi
673 759 849 813 iugasti:
892 771 1018 811 quam
1051 761 1097 797 tu
1130 756 1269 797 adhuc
1303 756 1470 797 iuvenis
1503 756 1615 797 inter
1647 755 1826 796 hostiles
1860 758 2134 812 conspicatus
2166 763 2380 812 catervas,

185 836 312 882 atque
345 829 430 869 illic
463 830 504 868 iu
538 828 630 869 acie
665 827 906 868 contrariae
939 826 1074 881 partis
1107 825 1365 867 adamatam.
1399 826 1457 865 nil
1490 838 1567 880 per
1599 824 1822 866 obstantes
1856 826 2055 880 repulsus
2080 828 2378 882 proeliatores,

187 895 389 938 desiderii
438 896 612 938 brachio
655 895 856 937 vincente
904 895 1103 950 rapuisti,
1149 894 1467 950 philosophiam
1510 893 1695 945 scilicet,
1743 907 1852 947 quae
1894 894 2106 937 violenter
2143 911 2166 937 e
2204 911 2382 938 numero

187 966 494 1017 sacrilegarum
533 965 687 1005 artium
725 967 930 1018 exempta
969 976 1063 1004 raso
1104 963 1258 1018 capillo
1292 962 1536 1017 superfluae
1568 961 1790 1016 religionis
1825 976 1874 1003 ac
1907 964 2138 1018 supercilio
2170 965 2381 1007 scientiae

186 1035 420 1075 saecularis
454 1034 774 1089 amputatisque
807 1036 1156 1088 pervetustarum
1180 1031 1366 1072 vestium
1401 1031 1534 1085 rugis,
1568 1030 1611 1071 id
1644 1034 1710 1071 est
1741 1031 1877 1071 tristis
1910 1030 2164 1075 dialecticae
2196 1034 2381 1076 flexibus

187 1102 295 1142 falsa
328 1116 492 1142 morum
527 1107 569 1142 et
601 1102 752 1143 illicita
776 1101 1035 1152 velantibus,
1067 1101 1249 1155 mystico
1283 1101 1488 1156 amplexu
1520 1101 1605 1141 iam
1638 1099 1865 1141 defaecata
1895 1104 2040 1142 tecum
2062 1103 2257 1145 membra
2279 1118 2382 1145 con-

126 1173 170 1209 123
189 1170 339 1210 iunxit.
403 1170 506 1211 hacc
540 1171 593 1211 ab
626 1171 749 1211 annis
782 1174 928 1212 vestra
958 1169 1208 1211 iamdudum
1240 1169 1478 1225 pedisequa
1517 1169 1796 1225 primoribus,
1836 1169 1942 1212 haec
1974 1175 2046 1211 tuo
2080 1172 2206 1213 lateri
2240 1187 2385 1215 comes

186 1238 507 1293 inseparabilis.
553 1239 644 1280 sive
683 1240 725 1279 in
763 1239 993 1295 palaestris
1038 1239 1259 1281 exerceris
1298 1238 1473 1279 urbanis
1512 1238 1602 1279 sive
1642 1238 1684 1278 in
1726 1237 1937 1280 abstrusis
1975 1254 2199 1283 macerare
2232 1242 2384 1283 solitu·
2439 1251 2453 1273 ἵ»

187 1307 378 1349 dinibus.
427 1308 534 1350 haec
574 1308 792 1350 Athenaei
832 1322 1027 1357 consors„
1080 1308 1188 1349 haec
1227 1307 1496 1359 monasterii,
1540 1311 1682 1348 tecum
1725 1307 1964 1349 mundanas
2003 1309 2194 1362 abdicat,
2240 1314 2384 1352 tecum

189 1390 397 1431 supernas
430 1376 653 1432 praedicat
685 1377 951 1432 disciplinas.
1011 1377 1110 1417 huic
1145 1377 1391 1432 copulatum
1425 1380 1467 1417 te
1500 1376 1770 1417 matrimonio
1804 1376 1875 1430 qui
1908 1377 2192 1430 lacessiverit„
2226 1379 2386 1421 sentiet

188 1446 400 1486 ecclesiae
444 1445 602 1486 Christi
639 1446 834 1487 Platonis
884 1445 1152 1487 academiam
1196 1445 1382 1486 militare
1430 1450 1560 1500 teque
1608 1445 1796 1486 nobilius
1840 1445 2155 1502 philosophari;
2202 1447 2386 1503 primum

132 1515 176 1553 14
194 1513 456 1555 ineffabilem
491 1514 561 1555 (lei
593 1515 724 1570 patris
748 1528 941 1555 asserere
965 1528 1061 1555 cuin
1086 1514 1223 1556 sancti
1247 1514 1424 1569 spiritus
1448 1513 1708 1555 aeternitate
1733 1513 2010 1568 sapientiam;
2043 1519 2132 1555 tum
2156 1519 2384 1571 praeterea

189 1596 274 1623 non
315 1583 550 1623 caesariem
582 1597 765 1638 pascere
799 1598 937 1638 neque
969 1584 1102 1639 pallio
1136 1588 1210 1624 aut
1242 1584 1366 1624 clava
1396 1583 1516 1624 velut
1547 1582 1796 1638 sophisticis
1829 1582 2072 1638 insignibus
2105 1584 2281 1638 gloriari
2313 1587 2387 1626 aut

189 1651 394 1692 affectare
429 1651 481 1692 de
505 1653 690 1693 vestium
724 1653 990 1694 discretione
1024 1652 1284 1708 superbiam,
1317 1653 1454 1694 nitore
1487 1666 1702 1708 pompam,
1736 1653 1934 1707 squalore
1965 1652 2217 1695 iactantiam
2245 1667 2387 1709 neque

188 1731 230 1760 te
265 1721 370 1761 satis
404 1721 482 1762 hoc
517 1723 748 1762 aemulari.
790 1722 903 1776 quod
936 1737 1014 1778 per
1044 1722 1271 1777 gymnasia
1302 1722 1537 1777 pingantur
1569 1720 1882 1776 Areopagitica
1912 1722 1982 1762 vel
2014 1726 2226 1777 prytanea
2258 1736 2388 1763 curva

192 1790 358 1830 cervice
403 1789 674 1845 Speusippus
716 1791 875 1832 Aratus
922 1791 1084 1847 panda„
1134 1791 1283 1833 Zenon
1329 1791 1471 1833 fronte
1520 1795 1736 1832 contracta
1774 1790 1988 1845 Epicurus
2037 1796 2135 1833 cute
2183 1791 2386 1844 distenta,

191 1856 411 1912 Diogenes
457 1858 592 1900 barba
636 1864 832 1901 comante
872 1860 1070 1902 Socrates
1118 1875 1240 1902 coma
1285 1860 1486 1907 cadente,
1531 1860 1793 1901 Aristoteles
1831 1859 2009 1900 brachio
2049 1863 2201 1901 exerto
2236 1860 2386 1901 Xeno-

192 1936 331 1966 crates
376 1940 497 1967 crure
539 1928 738 1973 collecto,
780 1928 1032 1970 Heraclitus
1073 1930 1176 1971 fletu
1215 1930 1349 1971 oeulis
1391 1930 1547 1971 clausis
1584 1929 1862 1970 Democritus
1904 1929 1994 1969 risu
2036 1929 2170 1970 labris
2212 1929 2387 1985 apertis,
2442 1938 2456 1960 5

192 1994 457 2051 Chrysippus
491 1996 637 2051 digitis
671 2002 848 2053 propter
880 2013 1156 2040 numerorum
1180 1999 1340 2040 indicia
1364 1999 1622 2047 constrictis,
1656 1998 1862 2040 Euclides
1886 2001 2065 2052 propter
2086 2010 2386 2039 mensurarum

131 2067 176 2103 15>
194 2065 330 2120 spatia
362 2065 542 2107 laxatis.
585 2064 820 2108 Cleanthes
853 2072 1031 2122 propter
1067 2071 1298 2123 utrumque
1332 2068 1532 2110 corrosis.
1593 2068 1695 2122 quin
1728 2067 1871 2122 potius
1904 2066 2166 2121 experietur,
2206 2066 2388 2122 quisque

196 2133 451 2177 conflixerit
487 2133 655 2175 Stoicos
682 2134 868 2190 Cynicos
891 2136 1209 2191 Peripateticos
1242 2136 1571 2178 haeresiarchas
1603 2135 1790 2191 propriis
1823 2135 1967 2185 armis⁷
2000 2134 2184 2190 propriis
2217 2148 2387 2190 quoque

191 2202 359 2242 concuti
412 2202 784 2246 machinamentis.
862 2219 960 2246 nam
1011 2210 1250 2248 sectatores
1300 2220 1468 2257 eorum,
1525 2205 1771 2247 Christiano
1821 2204 2013 2260 dogmati
2062 2219 2111 2246 ac
2159 2204 2307 2246 sensui
2353 2203 2389 2246 si

190 2271 547 2325 repugnaverint.
595 2286 696 2314 mox
737 2278 778 2315 te
810 2275 1017 2329 magistro
1050 2275 1171 2329 ligati
1203 2275 1447 2317 vernaculis
1480 2275 1764 2330 implicaturis
1799 2273 1841 2315 in
1874 2274 1984 2315 retia
2016 2287 2093 2314 sua
2125 2273 2388 2330 praecipites

191 2339 554 2394 implagabuntur,
589 2341 852 2396 syllogismis
885 2348 984 2385 tuae
1016 2344 1327 2399 propositionis
1358 2345 1525 2386 uncatis
1549 2344 1786 2385 volubilem
1809 2344 2175 2398 tergiversantum
2197 2343 2387 2397 linguam

193 2408 534 2453 inhamantibus,
579 2409 678 2451 dum
713 2413 839 2467 spiris
880 2414 1138 2468 categoricis
1182 2414 1369 2455 lubricas
1415 2413 1695 2469 quaestiones
1734 2418 1781 2454 tu
1820 2413 1963 2468 potius
2003 2412 2186 2454 innodas
2227 2412 2389 2453 acrium

191 2491 310 2518 more
349 2476 631 2529 medicorum.v
676 2481 747 2534 qui
788 2481 1022 2522 remedium
1058 2486 1206 2523 contra
1237 2496 1428 2534 venena,
1475 2496 1570 2522 cum
1603 2482 1711 2523 ratio
1745 2482 1980 2537 compellit,
2023 2485 2066 2522 et
2097 2480 2150 2522 de
2184 2484 2388 2536 serpente

330 2627 344 2659 l
373 2629 575 2671 quaeppiain
604 2629 631 2661 C'
775 2630 796 2662 2
823 2631 1053 2663 (11**031101115
1078 2630 1128 2665 (ut
1153 2643 1180 2662 r.
1208 2643 1295 2664 corr.
1322 2643 1362 2664 ea:
1388 2632 1580 2664 dictationis
1607 2631 1683 2673 M¹)
1709 2631 1760 2672 M,
1795 2631 1971 2664 dicationis
1996 2630 2062 2662 FP
2207 2629 2229 2663 3
2251 2630 2287 2663 in
2312 2635 2390 2663 ante

192 2707 337 2750 ingeniis
363 2720 387 2739 s.
415 2708 435 2739 l.
465 2708 546 2740 add.
572 2708 645 2749 1111,
677 2721 738 2741 om.
768 2710 831 2742 CF
932 2711 1028 2744 facile
1053 2724 1077 2744 s.
1107 2712 1128 2744 l.
1155 2712 1237 2744 add.
1263 2712 1324 2743 Μ1
1427 2713 1584 2755 prospexi
1610 2712 1647 2744 F
1793 2711 1814 2743 ἴ)
1838 2712 1903 2744 hiis
1928 2711 1966 2743 F
2110 2708 2131 2742 G
2157 2711 2209 2744 his
2232 2711 2338 2755 igitur
2364 2710 2394 2744 C'

194 2783 211 2817 ἶ
238 2786 388 2829 pulcram
417 2787 475 2819 GP
612 2789 849 2821 ‹leuthcnomio
879 2792 906 2821 C
1087 2788 1107 2821 9
1139 2791 1186 2823 1111
1212 2791 1323 2832 MOP,
1354 2790 1393 2824 111
1418 2792 1456 2824 F
1589 2793 1763 2825 hostantes
1791 2792 1819 2824 (ζ’
2001 2789 2044 2823 12
2068 2762 2301 2835 amputatisque
2325 2790 2367 2823 M
2376 2790 2386 2810 ¹

193 2866 346 2899 dialetico
369 2866 406 2898 F
542 2866 584 2899 13
610 2879 788 2901 umorum
814 2868 850 2902 (2
875 2870 934 2901 litt.
960 2881 1048 2902 eras.
1067 2870 1109 2902 M
1118 2870 1143 2907 ¹)
1165 2871 1204 2903 M
1298 2873 1427 2906 mistico
1453 2872 1588 2905 MCFP
1730 2871 1770 2905 14
1796 2873 1997 2915 pedissequa
2020 2871 2157 2905 MCFP
2246 2872 2330 2905 haec
2346 2870 2390 2913 F,

194 2946 256 2978 hec
270 2945 319 2987 JI,
337 2946 400 2992 hec
412 2946 444 2978 P
464 2947 551 2987 (θέε),
577 2948 638 2980 1100
657 2948 685 2980 C
751 2949 844 2982 lateri
864 2961 950 2981 corr.
965 2961 1004 2982 esc
1022 2945 1092 2983 lati‘
1106 2950 1146 2981 Μ
1156 2951 1168 2969 '2
1287 2949 1330 2983 15
1355 2962 1523 2985 macerare
1540 2950 1645 2993 (corr.
1661 2952 1695 2984 in
1713 2963 1880 2985 maeel-ere
1893 2952 1938 2983 M
1943 2951 1992 2983 2Ρ
1999 2951 2026 2994 ¹)
2040 2951 2082 2984 M
2085 2951 2151 2993 GP,
2174 2962 2344 2985 macerere
2357 2950 2395 2984 F

196 3025 237 3058 1⁴5
269 3026 421 3059 athenaei
454 3038 591 3060 consors
622 3029 705 3060 haee
732 3029 764 3060 in
790 3040 858 3061 ras.
884 3029 948 3061 11ἷῖ
1052 3031 1241 3064 mundanas
1267 3030 1314 3073 (m
1341 3043 1429 3065 corr.
1454 3043 1494 3065 ea:
1519 3044 1540 3064 n
1566 3032 1605 3063 M
1615 3030 1642 3074 ²)
1669 3031 1713 3062 M
1859 3030 1900 3063 17
1926 3032 2153 3065 lascessiverit
2176 3032 2304 3065 senciet
2331 3031 2395 3065 CF

196 3106 238 3138 15
263 3107 491 3139 achademiam
518 3107 654 3140 JJCFP
800 3107 846 3142 20
870 3110 971 3142 velud
997 3109 1063 3142 FP
1211 3108 1253 3143 21
1287 3111 1484 3144 iactaneiam
1510 3111 1547 3143 F
1692 3109 1737 3143 22
1766 3111 1933 3154 gimnasia
1960 3111 2024 3144 CF
2122 3112 2333 3155 pingnantur
2356 3111 2394 3144 F

195 3188 419 3229 areopagitica
448 3187 476 3219 C
565 3194 726 3231 prytanea
752 3187 856 3229 (corr.
882 3200 922 3222 ccc
947 3194 1114 3233 prytanefi
1132 3190 1176 3221 JI
1186 3190 1211 3231 ¹)
1230 3191 1312 3233 MP,
1336 3191 1527 3235 pritaneum
1554 3192 1589 3233 C,
1615 3197 1817 3235 prytaneum
1842 3191 1880 3224 F
2013 3190 2058 3224 23
2083 3193 2262 3236 zeutippus
2286 3203 2391 3226 curva

195 3267 326 3300 cervice
355 3267 382 3299 C
472 3268 680 3311 Speusippus
706 3268 857 3307 ,S'arccrffl
888 3271 1072 3313 zeuxippus
1098 3271 1149 3312 M,
1180 3272 1358 3315 zeutippus
1378 3272 1448 3314 CF,
1478 3273 1634 3316 zeutipus
1653 3273 1686 3304 P
1776 3273 1915 3306 arathus
1940 3272 2048 3305 111011Ἰ
2181 3271 2225 3305 24
2249 3273 2389 3306 cadente

198 3346 454 3379 Laurentianus
481 3347 545 3379 XL
557 3347 594 3387 V,
625 3351 666 3380 26
692 3348 826 3389 aliique,
855 3350 1019 3383 candente
1044 3349 1182 3382 MCFP
1272 3351 1455 3384 aristotiles
1481 3351 1589 3383 MFP
1679 3357 1815 3385 extento
1843 3352 1872 3385 O
2005 3350 2049 3384 ‘25
2079 3352 2186 3386 oculis
2212 3357 2291 3395 post
2320 3352 2392 3385 risu

198 3426 328 3458 induxit
353 3426 405 3458 Γ1
571 3426 614 3458 26
645 3428 811 3470 crisippus
837 3428 973 3460 MCFP
1086 3430 1215 3473 digittis
1243 3431 1271 3463 C
1382 3432 1507 3464 iudicia
1531 3431 1569 3464 F
1726 3430 1769 3464 27
1801 3432 1914 3475 spacia
1941 3431 1970 3464 O
2081 3432 2228 3465 cleantes
2256 3431 2394 3466 MOFP

196 3507 404 3549 experiretur
430 3506 466 3539 F
612 3506 656 3539 28
681 3508 806 3540 ciuicos
834 3510 862 3540 (J
963 3510 1206 3553 peripapetieos
1231 3511 1275 3542 JI
1375 3512 1596 3544 herisiarchas
1622 3511 1658 3543 F
1767 3524 1772 3528 “
1802 3510 1848 3544 30
1878 3512 1966 3545 recia
1993 3512 2021 3544 C
2167 3510 2210 3545 31
2241 3512 2390 3555 inplaga-

197 3586 325 3619 buntur
350 3586 424 3618 JIP
514 3588 707 3631 sillogismis
733 3587 869 3620 MCFP
886 3633 898 3637 -
960 3591 1227 3632 tergiversancifi
1249 3591 1286 3624 F
1426 3590 1470 3624 32
1495 3592 1623 3624 dfidum
1649 3592 1700 3624 F¹
1796 3592 1919 3635 sphiris
1949 3590 2012 3624 CF
2108 3591 2328 3635 chategoricis
2355 3591 2391 3634 Ο,

883 3642 889 3661 1

199 3667 419 3709 cathegoricis
445 3666 554 3699 MFP
689 3667 733 3700 33
758 3642 903 3701 reme-‘lizi
928 3668 988 3700 JI¹
