<?xml version="1.0" encoding="UTF-8"?>
<!DOCTYPE html PUBLIC "-//W3C//DTD XHTML 1.0 Transitional//EN"
    "http://www.w3.org/TR/xhtml1/DTD/xhtml1-transitional.dtd">
<html xmlns="http://www.w3.org/1999/xhtml" xml:lang="en" lang="en">
 <head>
  <title>
</title>
<meta http-equiv="Content-Type" content="text/html;charset=utf-8" />
  <meta name='ocr-system' content='tesseract 3.04.00' />
  <meta name='ocr-capabilities' content='ocr_page ocr_carea ocr_par ocr_line ocrx_word'/>
</head>
<body>
  <div class='ocr_page' id='page_1' title='image "./monumentager08geseuoft_0430.png"; bbox 0 0 2583 4011; ppageno 0'>
   <div class='ocr_carea' id='block_1_1' title="bbox 205 188 1563 238">
    <p class='ocr_par' dir='ltr' id='par_1_1' title="bbox 205 188 1563 238">
     <span class='ocr_line' id='line_1_1' title="bbox 205 188 1563 238; baseline -0.008 0"><span class='ocrx_word' id='word_1_1' title='bbox 205 197 284 238; x_wconf 77' lang='lat'>332</span> <span class='ocrx_word' id='word_1_2' title='bbox 1014 189 1041 228; x_wconf 78' lang='lat' dir='ltr'>&#39;R</span> <span class='ocrx_word' id='word_1_3' title='bbox 1049 188 1109 228; x_wconf 67' lang='lat' dir='ltr'>PR</span> <span class='ocrx_word' id='word_1_4' title='bbox 1117 191 1197 228; x_wconf 81' lang='lat' dir='ltr'>ICII</span> <span class='ocrx_word' id='word_1_5' title='bbox 1224 188 1563 228; x_wconf 82' lang='lat' dir='ltr'>EPISTULARUM</span> 
     </span>
    </p>
   </div>
   <div class='ocr_carea' id='block_1_2' title="bbox 91 308 2378 572">
    <p class='ocr_par' dir='ltr' id='par_1_2' title="bbox 91 308 2378 572">
     <span class='ocr_line' id='line_1_2' title="bbox 91 308 2378 365; baseline -0 -11"><span class='ocrx_word' id='word_1_6' title='bbox 91 312 131 357; x_wconf 79' lang='lat' dir='ltr'><em>G</em></span> <span class='ocrx_word' id='word_1_7' title='bbox 205 311 496 351; x_wconf 77' lang='lat' dir='ltr'>maiestatis</span> <span class='ocrx_word' id='word_1_8' title='bbox 543 323 663 351; x_wconf 81' lang='lat' dir='ltr'>suae</span> <span class='ocrx_word' id='word_1_9' title='bbox 712 309 840 351; x_wconf 85' lang='lat' dir='ltr'>sede</span> <span class='ocrx_word' id='word_1_10' title='bbox 887 309 1224 353; x_wconf 77' lang='lat' dir='ltr'>consederit,</span> <span class='ocrx_word' id='word_1_11' title='bbox 1272 309 1441 363; x_wconf 89' lang='lat' dir='ltr'>quando</span> <span class='ocrx_word' id='word_1_12' title='bbox 1485 324 1570 351; x_wconf 91' lang='lat' dir='ltr'>non</span> <span class='ocrx_word' id='word_1_13' title='bbox 1613 310 1749 350; x_wconf 88' lang='lat' dir='ltr'>solum</span> <span class='ocrx_word' id='word_1_14' title='bbox 1788 309 1942 350; x_wconf 87' lang='lat' dir='ltr'>merita</span> <span class='ocrx_word' id='word_1_15' title='bbox 1980 308 2293 365; x_wconf 81' lang='lat' dir='ltr'>ponderaturus</span> <span class='ocrx_word' id='word_1_16' title='bbox 2335 315 2378 353; x_wconf 89' lang='lat' dir='ltr'>et</span> 
     </span>
     <span class='ocr_line' id='line_1_3' title="bbox 201 378 2377 432; baseline 0.001 -14"><span class='ocrx_word' id='word_1_17' title='bbox 201 381 332 419; x_wconf 76' lang='lat' dir='ltr'>sacta.</span> <span class='ocrx_word' id='word_1_18' title='bbox 376 393 522 419; x_wconf 77' lang='lat' dir='ltr'>verum</span> <span class='ocrx_word' id='word_1_19' title='bbox 563 379 691 419; x_wconf 85' lang='lat' dir='ltr'>ctiam</span> <span class='ocrx_word' id='word_1_20' title='bbox 733 378 860 418; x_wconf 67' lang='lat' dir='ltr'>verba</span> <span class='ocrx_word' id='word_1_21' title='bbox 900 383 965 418; x_wconf 87' lang='lat' dir='ltr'>est</span> <span class='ocrx_word' id='word_1_22' title='bbox 1003 378 1276 418; x_wconf 87' lang='lat' dir='ltr'>discussurus</span> <span class='ocrx_word' id='word_1_23' title='bbox 1319 383 1360 418; x_wconf 87' lang='lat' dir='ltr'>et</span> <span class='ocrx_word' id='word_1_24' title='bbox 1392 383 1512 430; x_wconf 82' lang='lat' dir='ltr'>vota,</span> <span class='ocrx_word' id='word_1_25' title='bbox 1552 392 1678 432; x_wconf 86' lang='lat' dir='ltr'>quem</span> <span class='ocrx_word' id='word_1_26' title='bbox 1715 378 1782 418; x_wconf 89' lang='lat' dir='ltr'>hic</span> <span class='ocrx_word' id='word_1_27' title='bbox 1819 393 1930 418; x_wconf 87' lang='lat' dir='ltr'>nune</span> <span class='ocrx_word' id='word_1_28' title='bbox 1972 379 2126 420; x_wconf 85' lang='lat' dir='ltr'>viderit</span> <span class='ocrx_word' id='word_1_29' title='bbox 2172 380 2377 422; x_wconf 86' lang='lat' dir='ltr'>salutaria</span> 
     </span>
     <span class='ocr_line' id='line_1_4' title="bbox 203 446 2378 502; baseline 0.001 -16"><span class='ocrx_word' id='word_1_30' title='bbox 203 461 276 487; x_wconf 80' lang='lat' dir='ltr'>sua</span> <span class='ocrx_word' id='word_1_31' title='bbox 311 454 542 502; x_wconf 80' lang='lat' dir='ltr'>praccepta</span> <span class='ocrx_word' id='word_1_32' title='bbox 577 448 808 502; x_wconf 78' lang='lat' dir='ltr'>neglegere</span> <span class='ocrx_word' id='word_1_33' title='bbox 841 452 883 488; x_wconf 84' lang='lat' dir='ltr'>ct</span> <span class='ocrx_word' id='word_1_34' title='bbox 915 446 1224 487; x_wconf 74' lang='lat' dir='ltr'>admonitiones</span> <span class='ocrx_word' id='word_1_35' title='bbox 1259 461 1358 487; x_wconf 83' lang='lat' dir='ltr'>suas</span> <span class='ocrx_word' id='word_1_36' title='bbox 1387 448 1693 488; x_wconf 85' lang='lat' dir='ltr'>saluberrimas</span> <span class='ocrx_word' id='word_1_37' title='bbox 1717 447 1900 501; x_wconf 87' lang='lat' dir='ltr'>superba</span> <span class='ocrx_word' id='word_1_38' title='bbox 1922 452 2065 487; x_wconf 87' lang='lat' dir='ltr'>mente</span> <span class='ocrx_word' id='word_1_39' title='bbox 2089 453 2378 497; x_wconf 85' lang='lat' dir='ltr'>contemnere,</span> 
     </span>
     <span class='ocr_line' id='line_1_5' title="bbox 204 516 2376 572; baseline 0.001 -17"><span class='ocrx_word' id='word_1_40' title='bbox 204 530 286 555; x_wconf 81' lang='lat' dir='ltr'>non</span> <span class='ocrx_word' id='word_1_41' title='bbox 320 517 453 556; x_wconf 83' lang='lat' dir='ltr'>solum</span> <span class='ocrx_word' id='word_1_42' title='bbox 487 530 581 555; x_wconf 85' lang='lat' dir='ltr'>cum</span> <span class='ocrx_word' id='word_1_43' title='bbox 617 517 757 556; x_wconf 86' lang='lat' dir='ltr'>stultis</span> <span class='ocrx_word' id='word_1_44' title='bbox 791 530 811 555; x_wconf 74' lang='lat'>:1</span> <span class='ocrx_word' id='word_1_45' title='bbox 847 517 975 556; x_wconf 83' lang='lat' dir='ltr'>ianua.</span> <span class='ocrx_word' id='word_1_46' title='bbox 1013 516 1134 569; x_wconf 81' lang='lat' dir='ltr'>regui</span> <span class='ocrx_word' id='word_1_47' title='bbox 1174 516 1374 557; x_wconf 77' lang='lat' dir='ltr'>caelestis</span> <span class='ocrx_word' id='word_1_48' title='bbox 1414 516 1638 560; x_wconf 77' lang='lat' dir='ltr'>excludet,</span> <span class='ocrx_word' id='word_1_49' title='bbox 1683 530 1829 556; x_wconf 80' lang='lat' dir='ltr'>verum</span> <span class='ocrx_word' id='word_1_50' title='bbox 1870 516 1998 557; x_wconf 88' lang='lat' dir='ltr'>etiam</span> <span class='ocrx_word' id='word_1_51' title='bbox 2035 520 2201 571; x_wconf 85' lang='lat' dir='ltr'>partem</span> <span class='ocrx_word' id='word_1_52' title='bbox 2245 518 2376 572; x_wconf 90' lang='lat' dir='ltr'>ipsius</span> 
     </span>
    </p>
   </div>
   <div class='ocr_carea' id='block_1_3' title="bbox 200 584 2446 639">
    <p class='ocr_par' dir='ltr' id='par_1_3' title="bbox 200 584 2446 639">
     <span class='ocr_line' id='line_1_6' title="bbox 200 584 2446 639; baseline 0.001 -16"><span class='ocrx_word' id='word_1_53' title='bbox 200 598 293 623; x_wconf 83' lang='lat' dir='ltr'>cum</span> <span class='ocrx_word' id='word_1_54' title='bbox 336 585 579 624; x_wconf 78' lang='lat' dir='ltr'>infidelibus</span> <span class='ocrx_word' id='word_1_55' title='bbox 619 585 862 639; x_wconf 80' lang='lat' dir='ltr'>deputabit.</span> <span class='ocrx_word' id='word_1_56' title='bbox 909 589 954 625; x_wconf 87' lang='lat' dir='ltr'>ut</span> <span class='ocrx_word' id='word_1_57' title='bbox 994 598 1089 624; x_wconf 86' lang='lat' dir='ltr'>cum</span> <span class='ocrx_word' id='word_1_58' title='bbox 1132 584 1286 637; x_wconf 86' lang='lat' dir='ltr'>quibus</span> <span class='ocrx_word' id='word_1_59' title='bbox 1320 584 1451 624; x_wconf 77' lang='lat' dir='ltr'>lialwt</span> <span class='ocrx_word' id='word_1_60' title='bbox 1482 585 1522 624; x_wconf 92' lang='lat' dir='ltr'>in</span> <span class='ocrx_word' id='word_1_61' title='bbox 1556 585 1729 625; x_wconf 87' lang='lat' dir='ltr'>saeculo</span> <span class='ocrx_word' id='word_1_62' title='bbox 1763 585 2033 628; x_wconf 70' lang='lat' dir='ltr'>societatem.</span> <span class='ocrx_word' id='word_1_63' title='bbox 2076 599 2170 625; x_wconf 86' lang='lat' dir='ltr'>cum</span> <span class='ocrx_word' id='word_1_64' title='bbox 2212 585 2379 626; x_wconf 83' lang='lat' dir='ltr'>hisdem</span> <span class='ocrx_word' id='word_1_65' title='bbox 2433 597 2446 619; x_wconf 76' lang='lat'><strong>5</strong></span> 
     </span>
    </p>
   </div>
   <div class='ocr_carea' id='block_1_4' title="bbox 201 652 970 707">
    <p class='ocr_par' dir='ltr' id='par_1_4' title="bbox 201 652 970 707">
     <span class='ocr_line' id='line_1_7' title="bbox 201 652 970 707; baseline 0.003 -16"><span class='ocrx_word' id='word_1_66' title='bbox 201 652 240 691; x_wconf 89' lang='lat' dir='ltr'>iu</span> <span class='ocrx_word' id='word_1_67' title='bbox 275 658 496 692; x_wconf 77' lang='lat' dir='ltr'>ueternum</span> <span class='ocrx_word' id='word_1_68' title='bbox 531 652 686 693; x_wconf 71' lang='lat' dir='ltr'>habeat</span> <span class='ocrx_word' id='word_1_69' title='bbox 718 654 970 707; x_wconf 77' lang='lat' dir='ltr'>portionem.</span> 
     </span>
    </p>
   </div>
   <div class='ocr_carea' id='block_1_5' title="bbox 658 800 1919 946">
    <p class='ocr_par' dir='ltr' id='par_1_5' title="bbox 658 800 1919 946">
     <span class='ocr_line' id='line_1_8' title="bbox 1207 800 1372 843; baseline 0.012 -2"><span class='ocrx_word' id='word_1_70' title='bbox 1207 800 1372 843; x_wconf 74' lang='lat' dir='ltr'>XXIV.</span> 
     </span>
     <span class='ocr_line' id='line_1_9' title="bbox 658 903 1919 946; baseline 0.002 -3"><span class='ocrx_word' id='word_1_71' title='bbox 658 903 816 944; x_wconf 85' lang='lat' dir='ltr'>FILIO</span> <span class='ocrx_word' id='word_1_72' title='bbox 852 903 1230 945; x_wconf 81' lang='lat' dir='ltr'><strong>CONSTANTIO</strong></span> <span class='ocrx_word' id='word_1_73' title='bbox 1264 903 1548 945; x_wconf 80' lang='lat' dir='ltr'>RURICIUS</span> <span class='ocrx_word' id='word_1_74' title='bbox 1581 903 1919 946; x_wconf 77' lang='lat' dir='ltr'>EPISOOPUS.</span> 
     </span>
    </p>
   </div>
   <div class='ocr_carea' id='block_1_6' title="bbox 166 980 2380 1329">
    <p class='ocr_par' dir='ltr' id='par_1_6' title="bbox 166 980 2380 1329">
     <span class='ocr_line' id='line_1_10' title="bbox 166 980 2379 1056; baseline 0.003 -19"><span class='ocrx_word' id='word_1_75' title='bbox 166 998 173 1033; x_wconf 84' lang='grc'><strong>1</strong></span> <span class='ocrx_word' id='word_1_76' title='bbox 344 980 597 1050; x_wconf 43' lang='lat' dir='ltr'>(Qu-nimam*</span> <span class='ocrx_word' id='word_1_77' title='bbox 630 1000 823 1041; x_wconf 82' lang='lat' dir='ltr'>Bacche.</span> <span class='ocrx_word' id='word_1_78' title='bbox 867 1001 1135 1056; x_wconf 61' lang='lat' dir='ltr'>symphoniis</span> <span class='ocrx_word' id='word_1_79' title='bbox 1177 1006 1219 1043; x_wconf 92' lang='lat' dir='ltr'>et</span> <span class='ocrx_word' id='word_1_80' title='bbox 1260 1001 1442 1042; x_wconf 83' lang='lat' dir='ltr'>diversis</span> <span class='ocrx_word' id='word_1_81' title='bbox 1475 1002 1648 1042; x_wconf 82' lang='lat' dir='ltr'>musicis</span> <span class='ocrx_word' id='word_1_82' title='bbox 1679 1016 1757 1042; x_wconf 87' lang='lat' dir='ltr'>nec</span> <span class='ocrx_word' id='word_1_83' title='bbox 1790 1015 1873 1042; x_wconf 91' lang='lat' dir='ltr'>non</span> <span class='ocrx_word' id='word_1_84' title='bbox 1905 1002 2032 1042; x_wconf 87' lang='lat' dir='ltr'>etiam</span> <span class='ocrx_word' id='word_1_85' title='bbox 2067 1006 2110 1042; x_wconf 91' lang='lat' dir='ltr'>et</span> <span class='ocrx_word' id='word_1_86' title='bbox 2140 1002 2379 1056; x_wconf 81' lang='lat' dir='ltr'>puellarum</span> 
     </span>
     <span class='ocr_line' id='line_1_11' title="bbox 199 1068 2380 1125; baseline 0.002 -18"><span class='ocrx_word' id='word_1_87' title='bbox 199 1068 335 1107; x_wconf 75' lang='lat' dir='ltr'>choris</span> <span class='ocrx_word' id='word_1_88' title='bbox 368 1074 408 1107; x_wconf 81' lang='lat' dir='ltr'>tc</span> <span class='ocrx_word' id='word_1_89' title='bbox 441 1068 632 1109; x_wconf 79' lang='lat' dir='ltr'>deditum</span> <span class='ocrx_word' id='word_1_90' title='bbox 667 1083 764 1109; x_wconf 81' lang='lat' dir='ltr'>esse</span> <span class='ocrx_word' id='word_1_91' title='bbox 797 1070 1084 1123; x_wconf 72' lang='lat' dir='ltr'>cognoverim,</span> <span class='ocrx_word' id='word_1_92' title='bbox 1118 1074 1262 1111; x_wconf 88' lang='lat' dir='ltr'>tamen</span> <span class='ocrx_word' id='word_1_93' title='bbox 1295 1069 1393 1124; x_wconf 86' lang='lat' dir='ltr'>quia</span> <span class='ocrx_word' id='word_1_94' title='bbox 1424 1070 1582 1110; x_wconf 88' lang='lat' dir='ltr'>bonum</span> <span class='ocrx_word' id='word_1_95' title='bbox 1617 1074 1682 1111; x_wconf 89' lang='lat' dir='ltr'>est</span> <span class='ocrx_word' id='word_1_96' title='bbox 1705 1071 1757 1111; x_wconf 89' lang='lat' dir='ltr'>ab</span> <span class='ocrx_word' id='word_1_97' title='bbox 1781 1070 1860 1115; x_wconf 78' lang='lat' dir='ltr'>his,</span> <span class='ocrx_word' id='word_1_98' title='bbox 1894 1070 1993 1110; x_wconf 92' lang='lat' dir='ltr'>dum</span> <span class='ocrx_word' id='word_1_99' title='bbox 2016 1070 2218 1125; x_wconf 79' lang='lat' dir='ltr'>pervalde</span> <span class='ocrx_word' id='word_1_100' title='bbox 2242 1071 2380 1111; x_wconf 87' lang='lat' dir='ltr'>fervet</span> 
     </span>
     <span class='ocr_line' id='line_1_12' title="bbox 197 1136 2379 1194; baseline 0.001 -19"><span class='ocrx_word' id='word_1_101' title='bbox 197 1136 508 1176; x_wconf 62' lang='lat' dir='ltr'>adulescentia.</span> <span class='ocrx_word' id='word_1_102' title='bbox 556 1138 784 1191; x_wconf 73' lang='lat' dir='ltr'>aliquoties</span> <span class='ocrx_word' id='word_1_103' title='bbox 831 1139 1043 1192; x_wconf 85' lang='lat' dir='ltr'>respirare</span> <span class='ocrx_word' id='word_1_104' title='bbox 1087 1143 1128 1179; x_wconf 91' lang='lat' dir='ltr'>et</span> <span class='ocrx_word' id='word_1_105' title='bbox 1169 1139 1306 1193; x_wconf 87' lang='lat' dir='ltr'>magis</span> <span class='ocrx_word' id='word_1_106' title='bbox 1345 1138 1516 1179; x_wconf 88' lang='lat' dir='ltr'>domino</span> <span class='ocrx_word' id='word_1_107' title='bbox 1555 1153 1709 1180; x_wconf 86' lang='lat' dir='ltr'>vacare</span> <span class='ocrx_word' id='word_1_108' title='bbox 1752 1153 1876 1194; x_wconf 87' lang='lat' dir='ltr'>quam</span> <span class='ocrx_word' id='word_1_109' title='bbox 1914 1139 2089 1187; x_wconf 85' lang='lat' dir='ltr'>Libero,</span> <span class='ocrx_word' id='word_1_110' title='bbox 2130 1139 2379 1194; x_wconf 84' lang='lat' dir='ltr'>parentibus</span> 
     </span>
     <span class='ocr_line' id='line_1_13' title="bbox 198 1205 2377 1262; baseline 0.003 -19"><span class='ocrx_word' id='word_1_111' title='bbox 198 1219 365 1258; x_wconf 72' lang='lat' dir='ltr'>quoquc</span> <span class='ocrx_word' id='word_1_112' title='bbox 391 1220 563 1259; x_wconf 74' lang='lat' dir='ltr'>operam</span> <span class='ocrx_word' id='word_1_113' title='bbox 588 1205 690 1245; x_wconf 83' lang='lat' dir='ltr'>dare</span> <span class='ocrx_word' id='word_1_114' title='bbox 714 1220 839 1260; x_wconf 84' lang='lat' dir='ltr'>quam</span> <span class='ocrx_word' id='word_1_115' title='bbox 864 1208 1072 1259; x_wconf 86' lang='lat' dir='ltr'>cantibus,</span> <span class='ocrx_word' id='word_1_116' title='bbox 1105 1221 1274 1254; x_wconf 78' lang='lat' dir='ltr'>moneo,</span> <span class='ocrx_word' id='word_1_117' title='bbox 1306 1212 1352 1248; x_wconf 89' lang='lat' dir='ltr'>ut</span> <span class='ocrx_word' id='word_1_118' title='bbox 1377 1208 1578 1257; x_wconf 85' lang='lat' dir='ltr'>crastino,</span> <span class='ocrx_word' id='word_1_119' title='bbox 1610 1208 1722 1262; x_wconf 90' lang='lat' dir='ltr'>quod</span> <span class='ocrx_word' id='word_1_120' title='bbox 1755 1209 1837 1249; x_wconf 88' lang='lat' dir='ltr'>erit</span> <span class='ocrx_word' id='word_1_121' title='bbox 1870 1212 2022 1262; x_wconf 86' lang='lat' dir='ltr'>quarta</span> <span class='ocrx_word' id='word_1_122' title='bbox 2054 1208 2174 1254; x_wconf 84' lang='lat' dir='ltr'>feria,</span> <span class='ocrx_word' id='word_1_123' title='bbox 2207 1207 2377 1261; x_wconf 86' lang='lat' dir='ltr'>Brivae,</span> 
     </span>
     <span class='ocr_line' id='line_1_14' title="bbox 198 1274 2053 1329; baseline 0.003 -17"><span class='ocrx_word' id='word_1_124' title='bbox 198 1274 433 1327; x_wconf 73' lang='lat' dir='ltr'>temporius</span> <span class='ocrx_word' id='word_1_125' title='bbox 467 1280 624 1314; x_wconf 78' lang='lat' dir='ltr'>tamen.</span> <span class='ocrx_word' id='word_1_126' title='bbox 659 1275 771 1329; x_wconf 82' lang='lat' dir='ltr'>quod</span> <span class='ocrx_word' id='word_1_127' title='bbox 805 1280 846 1315; x_wconf 87' lang='lat' dir='ltr'>tc</span> <span class='ocrx_word' id='word_1_128' title='bbox 879 1275 1091 1316; x_wconf 85' lang='lat' dir='ltr'>facturum</span> <span class='ocrx_word' id='word_1_129' title='bbox 1124 1276 1298 1317; x_wconf 91' lang='lat' dir='ltr'>minime</span> <span class='ocrx_word' id='word_1_130' title='bbox 1331 1276 1470 1321; x_wconf 83' lang='lat' dir='ltr'>credo,</span> <span class='ocrx_word' id='word_1_131' title='bbox 1502 1277 1605 1317; x_wconf 90' lang='lat' dir='ltr'>mihi</span> <span class='ocrx_word' id='word_1_132' title='bbox 1638 1277 1807 1317; x_wconf 90' lang='lat' dir='ltr'>ieiunus</span> <span class='ocrx_word' id='word_1_133' title='bbox 1840 1290 2053 1319; x_wconf 84' lang='lat' dir='ltr'>occurras.</span> 
     </span>
    </p>
   </div>
   <div class='ocr_carea' id='block_1_7' title="bbox 1059 1482 1516 1626">
    <p class='ocr_par' dir='ltr' id='par_1_7' title="bbox 1059 1482 1516 1626">
     <span class='ocr_line' id='line_1_15' title="bbox 1215 1482 1357 1524; baseline 0.007 -1"><span class='ocrx_word' id='word_1_134' title='bbox 1215 1482 1357 1524; x_wconf 85' lang='lat' dir='ltr'>XXV.</span> 
     </span>
     <span class='ocr_line' id='line_1_16' title="bbox 1059 1584 1516 1626; baseline 0.002 -1"><span class='ocrx_word' id='word_1_135' title='bbox 1059 1584 1329 1626; x_wconf 84' lang='lat' dir='ltr'>EIUSDEM</span> <span class='ocrx_word' id='word_1_136' title='bbox 1359 1585 1516 1626; x_wconf 86' lang='lat' dir='ltr'>ALIA.</span> 
     </span>
    </p>
   </div>
   <div class='ocr_carea' id='block_1_8' title="bbox 156 1663 2381 2015">
    <p class='ocr_par' dir='ltr' id='par_1_8' title="bbox 162 1663 2379 1877">
     <span class='ocr_line' id='line_1_17' title="bbox 162 1663 2379 1739; baseline 0.002 -19"><span class='ocrx_word' id='word_1_137' title='bbox 162 1678 170 1714; x_wconf 88' lang='lat' dir='ltr'>l</span> <span class='ocrx_word' id='word_1_138' title='bbox 342 1663 489 1721; x_wconf 63' lang='lat' dir='ltr'>ALn&#39;D</span> <span class='ocrx_word' id='word_1_139' title='bbox 537 1681 638 1721; x_wconf 91' lang='lat' dir='ltr'>mihi</span> <span class='ocrx_word' id='word_1_140' title='bbox 685 1681 765 1722; x_wconf 87' lang='lat' dir='ltr'>deo</span> <span class='ocrx_word' id='word_1_141' title='bbox 816 1686 928 1723; x_wconf 85' lang='lat' dir='ltr'>teste</span> <span class='ocrx_word' id='word_1_142' title='bbox 976 1684 1258 1738; x_wconf 78' lang='lat' dir='ltr'>promiseraS,</span> <span class='ocrx_word' id='word_1_143' title='bbox 1307 1683 1419 1738; x_wconf 90' lang='lat' dir='ltr'>quod</span> <span class='ocrx_word' id='word_1_144' title='bbox 1465 1684 1605 1739; x_wconf 91' lang='lat' dir='ltr'>ipsum</span> <span class='ocrx_word' id='word_1_145' title='bbox 1652 1683 1836 1724; x_wconf 87' lang='lat' dir='ltr'>deberes</span> <span class='ocrx_word' id='word_1_146' title='bbox 1894 1682 2034 1724; x_wconf 90' lang='lat' dir='ltr'>colere</span> <span class='ocrx_word' id='word_1_147' title='bbox 2085 1697 2170 1724; x_wconf 87' lang='lat' dir='ltr'>nou</span> <span class='ocrx_word' id='word_1_148' title='bbox 2214 1683 2379 1735; x_wconf 89' lang='lat' dir='ltr'>Ianum,</span> 
     </span>
     <span class='ocr_line' id='line_1_18' title="bbox 199 1750 2379 1808; baseline 0.003 -21"><span class='ocrx_word' id='word_1_149' title='bbox 199 1751 316 1790; x_wconf 78' lang='lat' dir='ltr'>cuius</span> <span class='ocrx_word' id='word_1_150' title='bbox 352 1750 541 1790; x_wconf 85' lang='lat' dir='ltr'>criminis</span> <span class='ocrx_word' id='word_1_151' title='bbox 576 1751 706 1790; x_wconf 86' lang='lat' dir='ltr'>ctiam</span> <span class='ocrx_word' id='word_1_152' title='bbox 737 1765 804 1791; x_wconf 89' lang='lat' dir='ltr'>me</span> <span class='ocrx_word' id='word_1_153' title='bbox 829 1751 892 1791; x_wconf 85' lang='lat' dir='ltr'>vis</span> <span class='ocrx_word' id='word_1_154' title='bbox 927 1766 1023 1792; x_wconf 86' lang='lat' dir='ltr'>esse</span> <span class='ocrx_word' id='word_1_155' title='bbox 1057 1757 1317 1803; x_wconf 74' lang='lat' dir='ltr'>consortem,</span> <span class='ocrx_word' id='word_1_156' title='bbox 1349 1757 1395 1794; x_wconf 91' lang='lat' dir='ltr'>ut</span> <span class='ocrx_word' id='word_1_157' title='bbox 1424 1767 1505 1808; x_wconf 88' lang='lat' dir='ltr'>ego</span> <span class='ocrx_word' id='word_1_158' title='bbox 1529 1753 1581 1794; x_wconf 87' lang='lat' dir='ltr'>ad</span> <span class='ocrx_word' id='word_1_159' title='bbox 1604 1754 1716 1794; x_wconf 88' lang='lat' dir='ltr'>hune</span> <span class='ocrx_word' id='word_1_160' title='bbox 1741 1767 1928 1794; x_wconf 87' lang='lat' dir='ltr'>errorem</span> <span class='ocrx_word' id='word_1_161' title='bbox 1953 1753 2179 1794; x_wconf 89' lang='lat' dir='ltr'>colendum</span> <span class='ocrx_word' id='word_1_162' title='bbox 2203 1753 2379 1794; x_wconf 84' lang='lat' dir='ltr'>delicias</span> 
     </span>
     <span class='ocr_line' id='line_1_19' title="bbox 196 1819 2378 1877; baseline 0.002 -20"><span class='ocrx_word' id='word_1_163' title='bbox 196 1819 514 1859; x_wconf 76' lang='lat' dir='ltr'>subministrem</span> <span class='ocrx_word' id='word_1_164' title='bbox 548 1824 589 1859; x_wconf 89' lang='lat' dir='ltr'>et</span> <span class='ocrx_word' id='word_1_165' title='bbox 623 1820 763 1859; x_wconf 86' lang='lat' dir='ltr'>oleum</span> <span class='ocrx_word' id='word_1_166' title='bbox 796 1820 994 1861; x_wconf 89' lang='lat' dir='ltr'>incendio</span> <span class='ocrx_word' id='word_1_167' title='bbox 1028 1821 1350 1876; x_wconf 83' lang='lat' dir='ltr'>superfundam.</span> <span class='ocrx_word' id='word_1_168' title='bbox 1404 1821 1515 1876; x_wconf 87' lang='lat' dir='ltr'>quod</span> <span class='ocrx_word' id='word_1_169' title='bbox 1549 1827 1700 1863; x_wconf 89' lang='lat' dir='ltr'>neutro</span> <span class='ocrx_word' id='word_1_170' title='bbox 1733 1829 1923 1862; x_wconf 88' lang='lat' dir='ltr'>nostrum</span> <span class='ocrx_word' id='word_1_171' title='bbox 1956 1821 2126 1862; x_wconf 88' lang='lat' dir='ltr'>noveris</span> <span class='ocrx_word' id='word_1_172' title='bbox 2159 1821 2378 1877; x_wconf 82' lang='lat' dir='ltr'>expedire.</span> 
     </span>
    </p>

    <p class='ocr_par' dir='ltr' id='par_1_9' title="bbox 156 1887 2381 2015">
     <span class='ocr_line' id='line_1_20' title="bbox 156 1887 2381 1947; baseline 0.002 -21"><span class='ocrx_word' id='word_1_173' title='bbox 156 1887 268 1927; x_wconf 62' lang='lat' dir='ltr'>‘Rsed</span> <span class='ocrx_word' id='word_1_174' title='bbox 301 1887 405 1927; x_wconf 80' lang='lat' dir='ltr'>dicis</span> <span class='ocrx_word' id='word_1_175' title='bbox 439 1888 642 1928; x_wconf 81' lang='lat' dir='ltr'>fortasse:</span> <span class='ocrx_word' id='word_1_176' title='bbox 678 1888 892 1943; x_wconf 79' lang='lat' dir='ltr'>pollicitus</span> <span class='ocrx_word' id='word_1_177' title='bbox 926 1904 996 1937; x_wconf 87' lang='lat' dir='ltr'>es:</span> <span class='ocrx_word' id='word_1_178' title='bbox 1029 1904 1110 1944; x_wconf 91' lang='lat' dir='ltr'>quo</span> <span class='ocrx_word' id='word_1_179' title='bbox 1143 1904 1215 1931; x_wconf 87' lang='lat' dir='ltr'>ore</span> <span class='ocrx_word' id='word_1_180' title='bbox 1249 1905 1273 1931; x_wconf 86' lang='lat' dir='ltr'>a</span> <span class='ocrx_word' id='word_1_181' title='bbox 1304 1904 1372 1931; x_wconf 91' lang='lat' dir='ltr'>me</span> <span class='ocrx_word' id='word_1_182' title='bbox 1405 1892 1619 1946; x_wconf 86' lang='lat' dir='ltr'>promissa</span> <span class='ocrx_word' id='word_1_183' title='bbox 1650 1891 1875 1947; x_wconf 77' lang='lat' dir='ltr'>perquiriS,</span> <span class='ocrx_word' id='word_1_184' title='bbox 1909 1905 2005 1931; x_wconf 87' lang='lat' dir='ltr'>cum</span> <span class='ocrx_word' id='word_1_185' title='bbox 2037 1895 2082 1931; x_wconf 86' lang='lat' dir='ltr'>tu</span> <span class='ocrx_word' id='word_1_186' title='bbox 2110 1895 2381 1932; x_wconf 84' lang='lat' dir='ltr'>sacramenta</span> 
     </span>
     <span class='ocr_line' id='line_1_21' title="bbox 195 1956 2379 2015; baseline 0.002 -21"><span class='ocrx_word' id='word_1_187' title='bbox 195 1956 448 1996; x_wconf 68' lang='lat' dir='ltr'>visdavcris‘!</span> <span class='ocrx_word' id='word_1_188' title='bbox 511 1956 623 1997; x_wconf 89' lang='lat' dir='ltr'>unde</span> <span class='ocrx_word' id='word_1_189' title='bbox 657 1956 780 1997; x_wconf 86' lang='lat' dir='ltr'>dabis</span> <span class='ocrx_word' id='word_1_190' title='bbox 814 1958 983 1999; x_wconf 81' lang='lat' dir='ltr'>veniam</span> <span class='ocrx_word' id='word_1_191' title='bbox 1017 1972 1137 2000; x_wconf 87' lang='lat' dir='ltr'>meae</span> <span class='ocrx_word' id='word_1_192' title='bbox 1170 1959 1457 2014; x_wconf 71' lang='lat' dir='ltr'>promissioni,</span> <span class='ocrx_word' id='word_1_193' title='bbox 1500 1960 1702 2015; x_wconf 80' lang='lat' dir='ltr'>quamdiu</span> <span class='ocrx_word' id='word_1_194' title='bbox 1734 1964 1776 2000; x_wconf 90' lang='lat' dir='ltr'>te</span> <span class='ocrx_word' id='word_1_195' title='bbox 1810 1960 1907 2000; x_wconf 89' lang='lat' dir='ltr'>huic</span> <span class='ocrx_word' id='word_1_196' title='bbox 1941 1960 2104 2000; x_wconf 89' lang='lat' dir='ltr'>servire</span> <span class='ocrx_word' id='word_1_197' title='bbox 2138 1973 2379 2013; x_wconf 83' lang='lat' dir='ltr'>cognovero</span> 
     </span>
    </p>
   </div>
   <div class='ocr_carea' id='block_1_9' title="bbox 194 2025 2379 2152">
    <p class='ocr_par' dir='ltr' id='par_1_10' title="bbox 194 2025 2379 2152">
     <span class='ocr_line' id='line_1_22' title="bbox 194 2025 2379 2084; baseline 0.002 -20"><span class='ocrx_word' id='word_1_198' title='bbox 194 2025 407 2079; x_wconf 84' lang='lat' dir='ltr'>passioni.</span> <span class='ocrx_word' id='word_1_199' title='bbox 456 2039 508 2065; x_wconf 90' lang='lat' dir='ltr'>ne</span> <span class='ocrx_word' id='word_1_200' title='bbox 558 2026 811 2066; x_wconf 85' lang='lat' dir='ltr'>confirmare</span> <span class='ocrx_word' id='word_1_201' title='bbox 856 2027 1078 2068; x_wconf 77' lang='lat' dir='ltr'>videamur</span> <span class='ocrx_word' id='word_1_202' title='bbox 1123 2028 1303 2076; x_wconf 88' lang='lat' dir='ltr'>factum,</span> <span class='ocrx_word' id='word_1_203' title='bbox 1351 2029 1472 2069; x_wconf 89' lang='lat' dir='ltr'>cuius</span> <span class='ocrx_word' id='word_1_204' title='bbox 1517 2029 1874 2084; x_wconf 87' lang='lat' dir='ltr'>reprehendimus</span> <span class='ocrx_word' id='word_1_205' title='bbox 1920 2033 2115 2084; x_wconf 79' lang='lat' dir='ltr'>pactum,</span> <span class='ocrx_word' id='word_1_206' title='bbox 2163 2033 2206 2068; x_wconf 90' lang='lat' dir='ltr'>et</span> <span class='ocrx_word' id='word_1_207' title='bbox 2248 2029 2379 2068; x_wconf 92' lang='lat' dir='ltr'>simus</span> 
     </span>
     <span class='ocr_line' id='line_1_23' title="bbox 195 2094 1127 2152; baseline 0.01 -21"><span class='ocrx_word' id='word_1_208' title='bbox 195 2094 407 2134; x_wconf 74' lang='lat' dir='ltr'>scandalo.</span> <span class='ocrx_word' id='word_1_209' title='bbox 443 2095 508 2135; x_wconf 90' lang='lat' dir='ltr'>cui</span> <span class='ocrx_word' id='word_1_210' title='bbox 542 2109 638 2135; x_wconf 85' lang='lat' dir='ltr'>esse</span> <span class='ocrx_word' id='word_1_211' title='bbox 670 2095 878 2137; x_wconf 88' lang='lat' dir='ltr'>debemus</span> <span class='ocrx_word' id='word_1_212' title='bbox 913 2097 1127 2152; x_wconf 84' lang='lat' dir='ltr'>exemp10.</span> 
     </span>
    </p>
   </div>
   <div class='ocr_carea' id='block_1_10' title="bbox 706 2291 1872 2437">
    <p class='ocr_par' dir='ltr' id='par_1_11' title="bbox 706 2291 1872 2437">
     <span class='ocr_line' id='line_1_24' title="bbox 1197 2291 1362 2333; baseline 0.006 -1"><span class='ocrx_word' id='word_1_213' title='bbox 1197 2291 1362 2333; x_wconf 86' lang='lat' dir='ltr'>XXVI.</span> 
     </span>
     <span class='ocr_line' id='line_1_25' title="bbox 706 2393 1872 2437; baseline 0.003 -3"><span class='ocrx_word' id='word_1_214' title='bbox 706 2393 992 2435; x_wconf 78' lang='lat' dir='ltr'>RURICIUS</span> <span class='ocrx_word' id='word_1_215' title='bbox 1026 2394 1396 2435; x_wconf 87' lang='lat' dir='ltr'><strong>APOLLINARI</strong></span> <span class='ocrx_word' id='word_1_216' title='bbox 1429 2393 1542 2435; x_wconf 80' lang='lat' dir='ltr'>SUO</span> <span class='ocrx_word' id='word_1_217' title='bbox 1577 2393 1872 2437; x_wconf 81' lang='lat' dir='ltr'><strong>SALUTEM.</strong></span> 
     </span>
    </p>
   </div>
   <div class='ocr_carea' id='block_1_11' title="bbox 153 2470 2377 3166">
    <p class='ocr_par' dir='ltr' id='par_1_12' title="bbox 157 2470 2377 2686">
     <span class='ocr_line' id='line_1_26' title="bbox 157 2470 2375 2548; baseline 0.001 -19"><span class='ocrx_word' id='word_1_218' title='bbox 157 2487 168 2524; x_wconf 84' lang='lat' dir='ltr'>l</span> <span class='ocrx_word' id='word_1_219' title='bbox 336 2470 459 2541; x_wconf 50' lang='grc'><strong>(2111</strong></span> <span class='ocrx_word' id='word_1_220' title='bbox 492 2492 625 2532; x_wconf 80' lang='lat' dir='ltr'>nostri</span> <span class='ocrx_word' id='word_1_221' title='bbox 659 2506 803 2532; x_wconf 86' lang='lat' dir='ltr'>curam</span> <span class='ocrx_word' id='word_1_222' title='bbox 838 2507 1009 2548; x_wconf 86' lang='lat' dir='ltr'>semper</span> <span class='ocrx_word' id='word_1_223' title='bbox 1039 2506 1190 2547; x_wconf 83' lang='lat' dir='ltr'>gerere</span> <span class='ocrx_word' id='word_1_224' title='bbox 1222 2506 1299 2547; x_wconf 88' lang='lat' dir='ltr'>pro</span> <span class='ocrx_word' id='word_1_225' title='bbox 1330 2495 1480 2532; x_wconf 88' lang='lat' dir='ltr'>mutua</span> <span class='ocrx_word' id='word_1_226' title='bbox 1512 2491 1690 2532; x_wconf 85' lang='lat' dir='ltr'>caritate</span> <span class='ocrx_word' id='word_1_227' title='bbox 1721 2491 1968 2546; x_wconf 82' lang='lat' dir='ltr'>dignamini,</span> <span class='ocrx_word' id='word_1_228' title='bbox 2001 2491 2142 2532; x_wconf 86' lang='lat' dir='ltr'>indico</span> <span class='ocrx_word' id='word_1_229' title='bbox 2167 2492 2375 2533; x_wconf 79' lang='lat' dir='ltr'>sollicitae</span> 
     </span>
     <span class='ocr_line' id='line_1_27' title="bbox 191 2559 2376 2616; baseline 0.002 -19"><span class='ocrx_word' id='word_1_230' title='bbox 191 2559 338 2613; x_wconf 84' lang='lat' dir='ltr'>pietati</span> <span class='ocrx_word' id='word_1_231' title='bbox 372 2564 413 2599; x_wconf 80' lang='lat' dir='ltr'>ct</span> <span class='ocrx_word' id='word_1_232' title='bbox 444 2560 540 2614; x_wconf 87' lang='lat' dir='ltr'>piac</span> <span class='ocrx_word' id='word_1_233' title='bbox 574 2561 849 2602; x_wconf 81' lang='lat' dir='ltr'>sollicitudini</span> <span class='ocrx_word' id='word_1_234' title='bbox 881 2565 1065 2609; x_wconf 82' lang='lat' dir='ltr'>vestrae,</span> <span class='ocrx_word' id='word_1_235' title='bbox 1098 2576 1176 2603; x_wconf 90' lang='lat' dir='ltr'>nos</span> <span class='ocrx_word' id='word_1_236' title='bbox 1208 2576 1292 2602; x_wconf 92' lang='lat' dir='ltr'>non</span> <span class='ocrx_word' id='word_1_237' title='bbox 1316 2575 1494 2616; x_wconf 88' lang='lat' dir='ltr'>parvum</span> <span class='ocrx_word' id='word_1_238' title='bbox 1517 2560 1701 2615; x_wconf 88' lang='lat' dir='ltr'>quidem,</span> <span class='ocrx_word' id='word_1_239' title='bbox 1737 2560 1812 2602; x_wconf 89' lang='lat' dir='ltr'>sed</span> <span class='ocrx_word' id='word_1_240' title='bbox 1835 2560 1915 2602; x_wconf 87' lang='lat' dir='ltr'>deo</span> <span class='ocrx_word' id='word_1_241' title='bbox 1940 2561 2125 2616; x_wconf 86' lang='lat' dir='ltr'>propitio</span> <span class='ocrx_word' id='word_1_242' title='bbox 2149 2561 2376 2616; x_wconf 86' lang='lat' dir='ltr'>voluptuo-</span> 
     </span>
     <span class='ocr_line' id='line_1_28' title="bbox 194 2628 2377 2686; baseline 0.002 -21"><span class='ocrx_word' id='word_1_243' title='bbox 194 2641 284 2666; x_wconf 88' lang='lat' dir='ltr'>sum</span> <span class='ocrx_word' id='word_1_244' title='bbox 318 2641 341 2667; x_wconf 87' lang='lat' dir='ltr'>a</span> <span class='ocrx_word' id='word_1_245' title='bbox 374 2628 494 2668; x_wconf 78' lang='lat' dir='ltr'>vobis</span> <span class='ocrx_word' id='word_1_246' title='bbox 528 2642 747 2670; x_wconf 83' lang='lat' dir='ltr'>reversum</span> <span class='ocrx_word' id='word_1_247' title='bbox 780 2630 1015 2686; x_wconf 82' lang='lat' dir='ltr'>sumpsisse</span> <span class='ocrx_word' id='word_1_248' title='bbox 1048 2630 1288 2685; x_wconf 78' lang='lat' dir='ltr'>negotium,</span> <span class='ocrx_word' id='word_1_249' title='bbox 1322 2629 1434 2684; x_wconf 87' lang='lat' dir='ltr'>quod</span> <span class='ocrx_word' id='word_1_250' title='bbox 1471 2630 1594 2670; x_wconf 88' lang='lat' dir='ltr'>nobis</span> <span class='ocrx_word' id='word_1_251' title='bbox 1627 2629 1856 2685; x_wconf 86' lang='lat' dir='ltr'>plurimum</span> <span class='ocrx_word' id='word_1_252' title='bbox 1894 2629 2099 2684; x_wconf 84' lang='lat' dir='ltr'>prodesse</span> <span class='ocrx_word' id='word_1_253' title='bbox 2132 2633 2299 2684; x_wconf 81' lang='lat' dir='ltr'>posset,</span> <span class='ocrx_word' id='word_1_254' title='bbox 2343 2629 2377 2669; x_wconf 90' lang='lat' dir='ltr'>si</span> 
     </span>
    </p>

    <p class='ocr_par' dir='ltr' id='par_1_13' title="bbox 154 2696 2376 2824">
     <span class='ocr_line' id='line_1_29' title="bbox 154 2696 2375 2754; baseline 0.003 -21"><span class='ocrx_word' id='word_1_255' title='bbox 154 2697 263 2734; x_wconf 67' lang='lat' dir='ltr'>:laur</span> <span class='ocrx_word' id='word_1_256' title='bbox 306 2696 584 2737; x_wconf 88' lang='lat' dir='ltr'>intentionem</span> <span class='ocrx_word' id='word_1_257' title='bbox 624 2698 872 2739; x_wconf 89' lang='lat' dir='ltr'>intellectus</span> <span class='ocrx_word' id='word_1_258' title='bbox 915 2704 990 2740; x_wconf 85' lang='lat' dir='ltr'>aut</span> <span class='ocrx_word' id='word_1_259' title='bbox 1030 2700 1298 2741; x_wconf 87' lang='lat' dir='ltr'>intellectum</span> <span class='ocrx_word' id='word_1_260' title='bbox 1341 2704 1596 2754; x_wconf 79' lang='lat' dir='ltr'>sequeretur</span> <span class='ocrx_word' id='word_1_261' title='bbox 1638 2699 1873 2753; x_wconf 88' lang='lat' dir='ltr'>ingenium.</span> <span class='ocrx_word' id='word_1_262' title='bbox 1946 2698 2037 2739; x_wconf 91' lang='lat' dir='ltr'>sine</span> <span class='ocrx_word' id='word_1_263' title='bbox 2086 2713 2216 2739; x_wconf 87' lang='lat' dir='ltr'>eausa</span> <span class='ocrx_word' id='word_1_264' title='bbox 2261 2699 2375 2739; x_wconf 90' lang='lat' dir='ltr'>enim</span> 
     </span>
     <span class='ocr_line' id='line_1_30' title="bbox 193 2764 2376 2824; baseline 0.003 -23"><span class='ocrx_word' id='word_1_265' title='bbox 193 2764 295 2803; x_wconf 75' lang='lat' dir='ltr'>solis</span> <span class='ocrx_word' id='word_1_266' title='bbox 330 2769 467 2804; x_wconf 82' lang='lat' dir='ltr'>ortum</span> <span class='ocrx_word' id='word_1_267' title='bbox 502 2780 656 2806; x_wconf 88' lang='lat' dir='ltr'>caecus</span> <span class='ocrx_word' id='word_1_268' title='bbox 689 2772 929 2822; x_wconf 77' lang='lat' dir='ltr'>exspectat.</span> <span class='ocrx_word' id='word_1_269' title='bbox 982 2769 1053 2809; x_wconf 92' lang='lat' dir='ltr'>ille</span> <span class='ocrx_word' id='word_1_270' title='bbox 1087 2769 1257 2824; x_wconf 89' lang='lat' dir='ltr'>quidem</span> <span class='ocrx_word' id='word_1_271' title='bbox 1281 2768 1525 2809; x_wconf 87' lang='lat' dir='ltr'>videntibus</span> <span class='ocrx_word' id='word_1_272' title='bbox 1559 2781 1731 2823; x_wconf 88' lang='lat' dir='ltr'>semper</span> <span class='ocrx_word' id='word_1_273' title='bbox 1753 2768 1957 2814; x_wconf 82' lang='lat' dir='ltr'>exoritur,</span> <span class='ocrx_word' id='word_1_274' title='bbox 1989 2781 2075 2808; x_wconf 90' lang='lat' dir='ltr'>non</span> <span class='ocrx_word' id='word_1_275' title='bbox 2098 2767 2376 2808; x_wconf 86' lang='lat' dir='ltr'>cernentibus</span> 
     </span>
    </p>

    <p class='ocr_par' dir='ltr' id='par_1_14' title="bbox 153 2832 2376 3166">
     <span class='ocr_line' id='line_1_31' title="bbox 153 2832 2376 2893; baseline 0.004 -26"><span class='ocrx_word' id='word_1_276' title='bbox 153 2835 291 2871; x_wconf 59' lang='lat' dir='ltr'>:ivero</span> <span class='ocrx_word' id='word_1_277' title='bbox 331 2832 453 2873; x_wconf 79' lang='lat' dir='ltr'>iubar</span> <span class='ocrx_word' id='word_1_278' title='bbox 492 2834 625 2887; x_wconf 84' lang='lat' dir='ltr'>ipsius</span> <span class='ocrx_word' id='word_1_279' title='bbox 666 2836 786 2889; x_wconf 82' lang='lat' dir='ltr'>quasi</span> <span class='ocrx_word' id='word_1_280' title='bbox 831 2837 1016 2877; x_wconf 86' lang='lat' dir='ltr'>nubibus</span> <span class='ocrx_word' id='word_1_281' title='bbox 1063 2851 1234 2893; x_wconf 88' lang='lat' dir='ltr'>semper</span> <span class='ocrx_word' id='word_1_282' title='bbox 1280 2837 1485 2892; x_wconf 87' lang='lat' dir='ltr'>operitur.</span> <span class='ocrx_word' id='word_1_283' title='bbox 1561 2836 1740 2877; x_wconf 82' lang='lat' dir='ltr'>Sollium</span> <span class='ocrx_word' id='word_1_284' title='bbox 1784 2836 1898 2877; x_wconf 89' lang='lat' dir='ltr'>enim</span> <span class='ocrx_word' id='word_1_285' title='bbox 1940 2840 2132 2876; x_wconf 87' lang='lat' dir='ltr'>nostrum</span> <span class='ocrx_word' id='word_1_286' title='bbox 2174 2836 2376 2876; x_wconf 89' lang='lat' dir='ltr'>domnum</span> 
     </span>
     <span class='ocr_line' id='line_1_32' title="bbox 192 2904 2372 2959; baseline 0.002 -19"><span class='ocrx_word' id='word_1_287' title='bbox 192 2910 443 2955; x_wconf 86' lang='lat' dir='ltr'>patremque</span> <span class='ocrx_word' id='word_1_288' title='bbox 477 2915 757 2954; x_wconf 70' lang='lat' dir='ltr'>communem,</span> <span class='ocrx_word' id='word_1_289' title='bbox 799 2919 926 2959; x_wconf 90' lang='lat' dir='ltr'>quem</span> <span class='ocrx_word' id='word_1_290' title='bbox 959 2906 1332 2947; x_wconf 89' lang='lat' dir='ltr'>transcribendum</span> <span class='ocrx_word' id='word_1_291' title='bbox 1366 2905 1622 2946; x_wconf 84' lang='lat' dir='ltr'>sublimitati</span> <span class='ocrx_word' id='word_1_292' title='bbox 1654 2908 1825 2946; x_wconf 89' lang='lat' dir='ltr'>vestrae</span> <span class='ocrx_word' id='word_1_293' title='bbox 1858 2904 2031 2945; x_wconf 90' lang='lat' dir='ltr'>dedisse</span> <span class='ocrx_word' id='word_1_294' title='bbox 2063 2919 2131 2944; x_wconf 91' lang='lat' dir='ltr'>me</span> <span class='ocrx_word' id='word_1_295' title='bbox 2165 2904 2372 2953; x_wconf 82' lang='lat' dir='ltr'>dixeram,</span> 
     </span>
     <span class='ocr_line' id='line_1_33' title="bbox 193 2969 2373 3029; baseline 0.003 -21"><span class='ocrx_word' id='word_1_296' title='bbox 193 2969 418 3021; x_wconf 61' lang='lat' dir='ltr'>legendum</span> <span class='ocrx_word' id='word_1_297' title='bbox 452 2972 610 3026; x_wconf 85' lang='lat' dir='ltr'>recepi.</span> <span class='ocrx_word' id='word_1_298' title='bbox 673 2973 792 3013; x_wconf 88' lang='lat' dir='ltr'>cuius</span> <span class='ocrx_word' id='word_1_299' title='bbox 826 2974 951 3014; x_wconf 88' lang='lat' dir='ltr'>lectio</span> <span class='ocrx_word' id='word_1_300' title='bbox 985 2975 1094 3016; x_wconf 91' lang='lat' dir='ltr'>sicut</span> <span class='ocrx_word' id='word_1_301' title='bbox 1132 2975 1237 3015; x_wconf 89' lang='lat' dir='ltr'>mihi</span> <span class='ocrx_word' id='word_1_302' title='bbox 1278 2975 1500 3029; x_wconf 79' lang='lat' dir='ltr'>antiquum</span> <span class='ocrx_word' id='word_1_303' title='bbox 1541 2978 1756 3015; x_wconf 83' lang='lat' dir='ltr'>restaurat</span> <span class='ocrx_word' id='word_1_304' title='bbox 1795 2974 2017 3024; x_wconf 81' lang='lat' dir='ltr'>affectum,</span> <span class='ocrx_word' id='word_1_305' title='bbox 2059 2975 2119 3014; x_wconf 89' lang='lat' dir='ltr'>ita</span> <span class='ocrx_word' id='word_1_306' title='bbox 2154 2987 2258 3028; x_wconf 87' lang='lat' dir='ltr'>prae</span> <span class='ocrx_word' id='word_1_307' title='bbox 2297 2973 2373 3014; x_wconf 89' lang='lat' dir='ltr'>ob-</span> 
     </span>
     <span class='ocr_line' id='line_1_34' title="bbox 193 3037 2374 3098; baseline 0.003 -23"><span class='ocrx_word' id='word_1_308' title='bbox 193 3038 396 3077; x_wconf 76' lang='lat' dir='ltr'>scuritate</span> <span class='ocrx_word' id='word_1_309' title='bbox 429 3037 639 3080; x_wconf 86' lang='lat' dir='ltr'>dictorum</span> <span class='ocrx_word' id='word_1_310' title='bbox 682 3055 764 3082; x_wconf 90' lang='lat' dir='ltr'>non</span> <span class='ocrx_word' id='word_1_311' title='bbox 804 3043 999 3083; x_wconf 84' lang='lat' dir='ltr'>accendit</span> <span class='ocrx_word' id='word_1_312' title='bbox 1030 3044 1271 3098; x_wconf 86' lang='lat' dir='ltr'>ingenium,</span> <span class='ocrx_word' id='word_1_313' title='bbox 1317 3043 1554 3098; x_wconf 86' lang='lat' dir='ltr'>quamlibet</span> <span class='ocrx_word' id='word_1_314' title='bbox 1585 3043 1725 3097; x_wconf 89' lang='lat' dir='ltr'>ipsum</span> <span class='ocrx_word' id='word_1_315' title='bbox 1760 3046 1858 3097; x_wconf 88' lang='lat' dir='ltr'>post</span> <span class='ocrx_word' id='word_1_316' title='bbox 1888 3045 1976 3083; x_wconf 89' lang='lat' dir='ltr'>tam</span> <span class='ocrx_word' id='word_1_317' title='bbox 2014 3043 2131 3096; x_wconf 90' lang='lat' dir='ltr'>longi</span> <span class='ocrx_word' id='word_1_318' title='bbox 2168 3042 2374 3097; x_wconf 85' lang='lat' dir='ltr'>temporis</span> 
     </span>
     <span class='ocr_line' id='line_1_35' title="bbox 193 3107 2373 3166; baseline 0.003 -22"><span class='ocrx_word' id='word_1_319' title='bbox 193 3107 376 3161; x_wconf 75' lang='lat' dir='ltr'>spatium</span> <span class='ocrx_word' id='word_1_320' title='bbox 410 3108 598 3148; x_wconf 78' lang='lat' dir='ltr'>caritatis</span> <span class='ocrx_word' id='word_1_321' title='bbox 632 3109 868 3163; x_wconf 85' lang='lat' dir='ltr'>igniculum</span> <span class='ocrx_word' id='word_1_322' title='bbox 903 3112 1098 3152; x_wconf 84' lang='lat' dir='ltr'>scintillis</span> <span class='ocrx_word' id='word_1_323' title='bbox 1132 3113 1218 3153; x_wconf 86' lang='lat' dir='ltr'>suis</span> <span class='ocrx_word' id='word_1_324' title='bbox 1251 3113 1361 3153; x_wconf 89' lang='lat' dir='ltr'>inter</span> <span class='ocrx_word' id='word_1_325' title='bbox 1393 3113 1618 3153; x_wconf 87' lang='lat' dir='ltr'>oblivionis</span> <span class='ocrx_word' id='word_1_326' title='bbox 1652 3111 1821 3151; x_wconf 85' lang='lat' dir='ltr'>favillas</span> <span class='ocrx_word' id='word_1_327' title='bbox 1853 3115 2083 3166; x_wconf 87' lang='lat' dir='ltr'>utcumque</span> <span class='ocrx_word' id='word_1_328' title='bbox 2106 3111 2373 3151; x_wconf 86' lang='lat' dir='ltr'>relucentem</span> 
     </span>
    </p>
   </div>
   <div class='ocr_carea' id='block_1_12' title="bbox 335 3206 436 3208">
    <p class='ocr_par' dir='ltr' id='par_1_15' title="bbox 335 3206 436 3208">
     <span class='ocr_line' id='line_1_36' title="bbox 335 3206 436 3208; baseline 0 0"><span class='ocrx_word' id='word_1_329' title='bbox 335 3206 436 3208; x_wconf 95' lang='lat' dir='ltr'> </span> 
     </span>
    </p>
   </div>
   <div class='ocr_carea' id='block_1_13' title="bbox 327 3265 723 3302">
    <p class='ocr_par' dir='ltr' id='par_1_16' title="bbox 327 3265 723 3302">
     <span class='ocr_line' id='line_1_37' title="bbox 327 3265 723 3302; baseline 0.01 -4"><span class='ocrx_word' id='word_1_330' title='bbox 327 3266 346 3298; x_wconf 77' lang='lat'>4</span> <span class='ocrx_word' id='word_1_331' title='bbox 375 3265 505 3299; x_wconf 75' lang='lat' dir='ltr'>Matth.</span> <span class='ocrx_word' id='word_1_332' title='bbox 534 3267 643 3302; x_wconf 73' lang='lat' dir='ltr'>XXV.</span> <span class='ocrx_word' id='word_1_333' title='bbox 672 3269 723 3302; x_wconf 76' lang='lat'>10.</span> 
     </span>
    </p>
   </div>
   <div class='ocr_carea' id='block_1_14' title="bbox 192 3370 2375 3531">
    <p class='ocr_par' dir='ltr' id='par_1_17' title="bbox 192 3370 2375 3531">
     <span class='ocr_line' id='line_1_38' title="bbox 328 3370 2375 3417; baseline 0.002 -16"><span class='ocrx_word' id='word_1_334' title='bbox 328 3370 343 3402; x_wconf 89' lang='lat'>1</span> <span class='ocrx_word' id='word_1_335' title='bbox 373 3370 572 3414; x_wconf 73' lang='lat' dir='ltr'>consederit]</span> <span class='ocrx_word' id='word_1_336' title='bbox 599 3373 727 3415; x_wconf 49' lang='grc' dir='ltr'>κενὰ-νεῖ,</span> <span class='ocrx_word' id='word_1_337' title='bbox 753 3376 947 3408; x_wconf 74' lang='lat' dir='ltr'>consederet</span> <span class='ocrx_word' id='word_1_338' title='bbox 974 3374 1028 3407; x_wconf 69' lang='lat' dir='ltr'>G:</span> <span class='ocrx_word' id='word_1_339' title='bbox 1053 3376 1175 3408; x_wconf 83' lang='lat' dir='ltr'>sederit</span> <span class='ocrx_word' id='word_1_340' title='bbox 1200 3375 1295 3417; x_wconf 60' lang='grc' dir='ltr'><em>Γαίῃ.</em></span> <span class='ocrx_word' id='word_1_341' title='bbox 1389 3375 1506 3407; x_wconf 86' lang='lat' dir='ltr'>merito</span> <span class='ocrx_word' id='word_1_342' title='bbox 1535 3372 1566 3406; x_wconf 77' lang='lat' dir='ltr'><strong><em>G</em></strong></span> <span class='ocrx_word' id='word_1_343' title='bbox 1704 3372 1727 3406; x_wconf 82' lang='lat'>4</span> <span class='ocrx_word' id='word_1_344' title='bbox 1752 3373 1902 3406; x_wconf 86' lang='lat' dir='ltr'>excludit</span> <span class='ocrx_word' id='word_1_345' title='bbox 1929 3370 1961 3404; x_wconf 80' lang='lat' dir='ltr'><strong><em>G</em></strong></span> <span class='ocrx_word' id='word_1_346' title='bbox 2100 3372 2122 3405; x_wconf 78' lang='grc'>5</span> <span class='ocrx_word' id='word_1_347' title='bbox 2149 3373 2323 3416; x_wconf 82' lang='lat' dir='ltr'>deputauit</span> <span class='ocrx_word' id='word_1_348' title='bbox 2342 3370 2375 3405; x_wconf 75' lang='lat' dir='ltr'>G-</span> 
     </span>
     <span class='ocr_line' id='line_1_39' title="bbox 192 3426 2373 3475; baseline 0.001 -16"><span class='ocrx_word' id='word_1_349' title='bbox 192 3430 211 3457; x_wconf 49' lang='grc' dir='ltr'>ἥ</span> <span class='ocrx_word' id='word_1_350' title='bbox 237 3429 429 3460; x_wconf 70' lang='lat' dir='ltr'>constane-io</span> <span class='ocrx_word' id='word_1_351' title='bbox 458 3426 489 3459; x_wconf 80' lang='lat' dir='ltr'><em>G</em></span> <span class='ocrx_word' id='word_1_352' title='bbox 637 3431 656 3460; x_wconf 65' lang='lat' dir='ltr'>a</span> <span class='ocrx_word' id='word_1_353' title='bbox 682 3431 788 3462; x_wconf 67' lang='lat' dir='ltr'>bacho</span> <span class='ocrx_word' id='word_1_354' title='bbox 816 3430 847 3463; x_wconf 82' lang='lat' dir='ltr'><em>G</em></span> <span class='ocrx_word' id='word_1_355' title='bbox 995 3432 1037 3464; x_wconf 79' lang='lat'>10</span> <span class='ocrx_word' id='word_1_356' title='bbox 1062 3434 1161 3475; x_wconf 85' lang='lat' dir='ltr'>perde</span> <span class='ocrx_word' id='word_1_357' title='bbox 1182 3432 1225 3474; x_wconf 59' lang='lat' dir='ltr'>(fl)</span> <span class='ocrx_word' id='word_1_358' title='bbox 1245 3433 1259 3474; x_wconf 79' lang='grc'><strong>11</strong></span> <span class='ocrx_word' id='word_1_359' title='bbox 1276 3433 1316 3464; x_wconf 91' lang='lat' dir='ltr'>de</span> <span class='ocrx_word' id='word_1_360' title='bbox 1345 3432 1409 3473; x_wconf 77' lang='lat' dir='ltr'>G1,</span> <span class='ocrx_word' id='word_1_361' title='bbox 1434 3432 1593 3475; x_wconf 78' lang='lat' dir='ltr'>pei-ualde</span> <span class='ocrx_word' id='word_1_362' title='bbox 1618 3430 1667 3462; x_wconf 52' lang='lat'>(2²</span> <span class='ocrx_word' id='word_1_363' title='bbox 1814 3429 1852 3461; x_wconf 91' lang='grc'><strong>11</strong></span> <span class='ocrx_word' id='word_1_364' title='bbox 1882 3430 2037 3472; x_wconf 84' lang='lat' dir='ltr'>respirari</span> <span class='ocrx_word' id='word_1_365' title='bbox 2065 3428 2097 3461; x_wconf 76' lang='lat' dir='ltr'><em>G</em></span> <span class='ocrx_word' id='word_1_366' title='bbox 2189 3442 2313 3473; x_wconf 71' lang='lat' dir='ltr'>nugare</span> <span class='ocrx_word' id='word_1_367' title='bbox 2340 3428 2373 3462; x_wconf 81' lang='lat' dir='ltr'><em>G</em></span> 
     </span>
     <span class='ocr_line' id='line_1_40' title="bbox 193 3483 2371 3531; baseline 0.001 -15"><span class='ocrx_word' id='word_1_368' title='bbox 193 3485 233 3516; x_wconf 70' lang='grc'>12</span> <span class='ocrx_word' id='word_1_369' title='bbox 259 3494 292 3517; x_wconf 80' lang='lat' dir='ltr'>at</span> <span class='ocrx_word' id='word_1_370' title='bbox 308 3486 350 3526; x_wconf 65' lang='lat' dir='ltr'>(f)</span> <span class='ocrx_word' id='word_1_371' title='bbox 380 3483 446 3522; x_wconf 49' lang='lat'>(2¹,</span> <span class='ocrx_word' id='word_1_372' title='bbox 472 3493 508 3517; x_wconf 81' lang='lat' dir='ltr'>ut</span> <span class='ocrx_word' id='word_1_373' title='bbox 537 3485 595 3515; x_wconf 75' lang='lat'>(1&#39;2</span> <span class='ocrx_word' id='word_1_374' title='bbox 744 3488 784 3520; x_wconf 75' lang='lat' dir='ltr'>1ss</span> <span class='ocrx_word' id='word_1_375' title='bbox 810 3490 939 3521; x_wconf 78' lang='lat' dir='ltr'>deberis</span> <span class='ocrx_word' id='word_1_376' title='bbox 966 3488 997 3519; x_wconf 73' lang='grc' dir='ltr'>(τ’</span> <span class='ocrx_word' id='word_1_377' title='bbox 1092 3491 1232 3522; x_wconf 85' lang='lat' dir='ltr'>ianuum</span> <span class='ocrx_word' id='word_1_378' title='bbox 1252 3488 1303 3521; x_wconf 80' lang='lat' dir='ltr'>G:</span> <span class='ocrx_word' id='word_1_379' title='bbox 1327 3490 1371 3531; x_wconf 72' lang='lat' dir='ltr'>‘If-</span> <span class='ocrx_word' id='word_1_380' title='bbox 1398 3490 1514 3522; x_wconf 69' lang='lat' dir='ltr'>concil.</span> <span class='ocrx_word' id='word_1_381' title='bbox 1540 3489 1618 3520; x_wconf 72' lang='lat' dir='ltr'>Tur.</span> <span class='ocrx_word' id='word_1_382' title='bbox 1644 3500 1676 3520; x_wconf 88' lang='grc' dir='ltr'>(ι.</span> <span class='ocrx_word' id='word_1_383' title='bbox 1696 3490 1818 3527; x_wconf 60' lang='lat' dir='ltr'><em>5⁶72f·</em></span> <span class='ocrx_word' id='word_1_384' title='bbox 1847 3489 1906 3518; x_wconf 75' lang='lat'>22:</span> <span class='ocrx_word' id='word_1_385' title='bbox 1932 3488 2163 3529; x_wconf 69' lang='lat' dir='ltr'>eognovimuS,</span> <span class='ocrx_word' id='word_1_386' title='bbox 2190 3488 2371 3520; x_wconf 85' lang='lat' dir='ltr'>nonnullos</span> 
     </span>
    </p>
   </div>
   <div class='ocr_carea' id='block_1_15' title="bbox 191 3542 2373 3700">
    <p class='ocr_par' dir='ltr' id='par_1_18' title="bbox 191 3542 2373 3700">
     <span class='ocr_line' id='line_1_41' title="bbox 193 3542 2371 3588; baseline 0.002 -16"><span class='ocrx_word' id='word_1_387' title='bbox 193 3542 334 3573; x_wconf 69' lang='lat' dir='ltr'>inveniri</span> <span class='ocrx_word' id='word_1_388' title='bbox 367 3543 566 3585; x_wconf 72' lang='lat' dir='ltr'>sequip‹.·‹]as</span> <span class='ocrx_word' id='word_1_389' title='bbox 600 3545 720 3576; x_wconf 70' lang='lat' dir='ltr'>erroris</span> <span class='ocrx_word' id='word_1_390' title='bbox 746 3546 892 3587; x_wconf 78' lang='lat' dir='ltr'>antiqui,</span> <span class='ocrx_word' id='word_1_391' title='bbox 919 3547 976 3588; x_wconf 86' lang='lat' dir='ltr'>qui</span> <span class='ocrx_word' id='word_1_392' title='bbox 1004 3548 1163 3579; x_wconf 73' lang='lat' dir='ltr'>kalendas</span> <span class='ocrx_word' id='word_1_393' title='bbox 1188 3548 1335 3579; x_wconf 85' lang='lat' dir='ltr'>Ianuarii</span> <span class='ocrx_word' id='word_1_394' title='bbox 1360 3547 1486 3587; x_wconf 78' lang='lat' dir='ltr'>colunt,</span> <span class='ocrx_word' id='word_1_395' title='bbox 1512 3558 1588 3578; x_wconf 89' lang='lat' dir='ltr'>cum</span> <span class='ocrx_word' id='word_1_396' title='bbox 1616 3547 1716 3577; x_wconf 74' lang='lat' dir='ltr'>lanus</span> <span class='ocrx_word' id='word_1_397' title='bbox 1741 3546 1838 3576; x_wconf 80' lang='lat' dir='ltr'>hemo</span> <span class='ocrx_word' id='word_1_398' title='bbox 1856 3545 1991 3586; x_wconf 81' lang='lat' dir='ltr'>gentilis</span> <span class='ocrx_word' id='word_1_399' title='bbox 2010 3545 2120 3585; x_wconf 84' lang='lat' dir='ltr'>suerit,</span> <span class='ocrx_word' id='word_1_400' title='bbox 2146 3556 2203 3576; x_wconf 85' lang='lat' dir='ltr'>rex</span> <span class='ocrx_word' id='word_1_401' title='bbox 2226 3545 2371 3586; x_wconf 85' lang='lat' dir='ltr'>quidem,</span> 
     </span>
     <span class='ocr_line' id='line_1_42' title="bbox 191 3599 2370 3645; baseline 0.002 -17"><span class='ocrx_word' id='word_1_402' title='bbox 191 3599 246 3629; x_wconf 72' lang='lat' dir='ltr'>scd</span> <span class='ocrx_word' id='word_1_403' title='bbox 271 3599 352 3630; x_wconf 81' lang='lat' dir='ltr'>deus</span> <span class='ocrx_word' id='word_1_404' title='bbox 378 3610 449 3631; x_wconf 68' lang='lat' dir='ltr'>esse</span> <span class='ocrx_word' id='word_1_405' title='bbox 476 3612 540 3631; x_wconf 69' lang='lat' dir='ltr'>nnn</span> <span class='ocrx_word' id='word_1_406' title='bbox 569 3603 675 3643; x_wconf 75' lang='lat' dir='ltr'>potnit</span> <span class='ocrx_word' id='word_1_407' title='bbox 816 3602 858 3633; x_wconf 67' lang='lat'>1&gt;&lt;</span> <span class='ocrx_word' id='word_1_408' title='bbox 883 3602 1014 3645; x_wconf 67' lang='lat' dir='ltr'>neutro}</span> <span class='ocrx_word' id='word_1_409' title='bbox 1037 3602 1068 3635; x_wconf 78' lang='lat' dir='ltr'><em>G</em></span> <span class='ocrx_word' id='word_1_410' title='bbox 1208 3605 1252 3635; x_wconf 70' lang='lat'>2⁴)</span> <span class='ocrx_word' id='word_1_411' title='bbox 1284 3604 1387 3636; x_wconf 84' lang='lat' dir='ltr'>nenia</span> <span class='ocrx_word' id='word_1_412' title='bbox 1413 3602 1445 3634; x_wconf 71' lang='grc' dir='ltr'>(ι’</span> <span class='ocrx_word' id='word_1_413' title='bbox 1585 3601 1629 3634; x_wconf 75' lang='grc'>22</span> <span class='ocrx_word' id='word_1_414' title='bbox 1659 3600 1727 3643; x_wconf 81' lang='lat' dir='ltr'>eui]</span> <span class='ocrx_word' id='word_1_415' title='bbox 1760 3601 1897 3642; x_wconf 67' lang='lat' dir='ltr'>sea-ipsi,</span> <span class='ocrx_word' id='word_1_416' title='bbox 1930 3602 2027 3633; x_wconf 83' lang='lat' dir='ltr'>euius</span> <span class='ocrx_word' id='word_1_417' title='bbox 2054 3600 2097 3635; x_wconf 71' lang='grc' dir='ltr'>(ι’,</span> <span class='ocrx_word' id='word_1_418' title='bbox 2129 3602 2253 3643; x_wconf 83' lang='lat' dir='ltr'>quibus</span> <span class='ocrx_word' id='word_1_419' title='bbox 2286 3601 2370 3633; x_wconf 77' lang='lat' dir='ltr'>cmii.</span> 
     </span>
     <span class='ocr_line' id='line_1_43' title="bbox 194 3654 2373 3700; baseline 0.003 -17"><span class='ocrx_word' id='word_1_420' title='bbox 194 3656 348 3685; x_wconf 47' lang='lat' dir='ltr'>canisius</span> <span class='ocrx_word' id='word_1_421' title='bbox 480 3656 522 3687; x_wconf 67' lang='lat'>*2⁸5</span> <span class='ocrx_word' id='word_1_422' title='bbox 551 3659 602 3699; x_wconf 79' lang='lat' dir='ltr'>pia</span> <span class='ocrx_word' id='word_1_423' title='bbox 631 3656 662 3689; x_wconf 73' lang='grc' dir='ltr'>(ι’</span> <span class='ocrx_word' id='word_1_424' title='bbox 793 3657 835 3690; x_wconf 71' lang='grc'>27</span> <span class='ocrx_word' id='word_1_425' title='bbox 861 3670 998 3691; x_wconf 74' lang='lat' dir='ltr'>renersu</span> <span class='ocrx_word' id='word_1_426' title='bbox 1014 3677 1026 3689; x_wconf 56' lang='lat' dir='ltr'><em>a</em></span> <span class='ocrx_word' id='word_1_427' title='bbox 1042 3672 1057 3691; x_wconf 84' lang='lat' dir='ltr'>s</span> <span class='ocrx_word' id='word_1_428' title='bbox 1083 3661 1224 3692; x_wconf 82' lang='lat' dir='ltr'>unisisse</span> <span class='ocrx_word' id='word_1_429' title='bbox 1253 3659 1320 3700; x_wconf 76' lang='lat'><em>(1&#39;¹‚</em></span> <span class='ocrx_word' id='word_1_430' title='bbox 1345 3663 1482 3692; x_wconf 76' lang='lat' dir='ltr'>reuersfi</span> <span class='ocrx_word' id='word_1_431' title='bbox 1509 3660 1669 3691; x_wconf 75' lang='lat' dir='ltr'>sumsisse</span> <span class='ocrx_word' id='word_1_432' title='bbox 1697 3656 1752 3689; x_wconf 48' lang='grc' dir='ltr'>(Γ2</span> <span class='ocrx_word' id='word_1_433' title='bbox 1849 3659 1952 3699; x_wconf 82' lang='lat' dir='ltr'>possit</span> <span class='ocrx_word' id='word_1_434' title='bbox 1979 3657 2010 3688; x_wconf 72' lang='grc' dir='ltr'>(ι’</span> <span class='ocrx_word' id='word_1_435' title='bbox 2135 3657 2180 3689; x_wconf 76' lang='lat'>30</span> <span class='ocrx_word' id='word_1_436' title='bbox 2206 3658 2313 3689; x_wconf 82' lang='lat' dir='ltr'>inbari</span> <span class='ocrx_word' id='word_1_437' title='bbox 2341 3654 2373 3689; x_wconf 84' lang='lat' dir='ltr'><em>G</em></span> 
     </span>
    </p>
   </div>
   <div class='ocr_carea' id='block_1_16' title="bbox 191 3711 1548 3759">
    <p class='ocr_par' dir='ltr' id='par_1_19' title="bbox 191 3711 1548 3759">
     <span class='ocr_line' id='line_1_44' title="bbox 191 3711 1548 3759; baseline 0.004 -18"><span class='ocrx_word' id='word_1_438' title='bbox 191 3711 361 3752; x_wconf 74' lang='lat' dir='ltr'>domuum}</span> <span class='ocrx_word' id='word_1_439' title='bbox 391 3712 422 3743; x_wconf 67' lang='grc' dir='ltr'>(τ’</span> <span class='ocrx_word' id='word_1_440' title='bbox 567 3713 611 3746; x_wconf 80' lang='grc'>34</span> <span class='ocrx_word' id='word_1_441' title='bbox 637 3716 765 3747; x_wconf 73' lang='lat' dir='ltr'>caritati</span> <span class='ocrx_word' id='word_1_442' title='bbox 792 3717 996 3758; x_wconf 41' lang='lat' dir='ltr'>&amp;igniculum</span> <span class='ocrx_word' id='word_1_443' title='bbox 1025 3716 1092 3751; x_wconf 72' lang='lat' dir='ltr'>G&#39;,</span> <span class='ocrx_word' id='word_1_444' title='bbox 1117 3720 1162 3755; x_wconf 69' lang='lat' dir='ltr'>cs.</span> <span class='ocrx_word' id='word_1_445' title='bbox 1188 3729 1294 3759; x_wconf 68' lang='lat' dir='ltr'>supra</span> <span class='ocrx_word' id='word_1_446' title='bbox 1317 3730 1350 3759; x_wconf 65' lang='grc' dir='ltr'>ρ.</span> <span class='ocrx_word' id='word_1_447' title='bbox 1370 3720 1442 3757; x_wconf 72' lang='grc'>299,</span> <span class='ocrx_word' id='word_1_448' title='bbox 1467 3717 1488 3748; x_wconf 85' lang='lat' dir='ltr'>l.</span> <span class='ocrx_word' id='word_1_449' title='bbox 1509 3720 1548 3748; x_wconf 66' lang='lat'>13</span> 
     </span>
    </p>
   </div>
   <div class='ocr_carea' id='block_1_17' title="bbox 2418 1080 2449 1104">
    <p class='ocr_par' dir='ltr' id='par_1_20' title="bbox 2418 1080 2449 1104">
     <span class='ocr_line' id='line_1_45' title="bbox 2418 1080 2449 1104; baseline 0.032 -1"><span class='ocrx_word' id='word_1_450' title='bbox 2418 1080 2449 1104; x_wconf 87' lang='grc'><strong>10</strong></span> 
     </span>
    </p>
   </div>
   <div class='ocr_carea' id='block_1_18' title="bbox 2418 1596 2448 1619">
    <p class='ocr_par' dir='ltr' id='par_1_21' title="bbox 2418 1596 2448 1619">
     <span class='ocr_line' id='line_1_46' title="bbox 2418 1596 2448 1619; baseline 0 0"><span class='ocrx_word' id='word_1_451' title='bbox 2418 1596 2448 1619; x_wconf 84' lang='grc'><strong>15</strong></span> 
     </span>
    </p>
   </div>
   <div class='ocr_carea' id='block_1_19' title="bbox 2417 1967 2450 1991">
    <p class='ocr_par' dir='ltr' id='par_1_22' title="bbox 2417 1967 2450 1991">
     <span class='ocr_line' id='line_1_47' title="bbox 2417 1967 2450 1991; baseline 0 0"><span class='ocrx_word' id='word_1_452' title='bbox 2417 1967 2450 1991; x_wconf 78' lang='lat'>‘20</span> 
     </span>
    </p>
   </div>
   <div class='ocr_carea' id='block_1_20' title="bbox 2414 2844 2447 2868">
    <p class='ocr_par' dir='ltr' id='par_1_23' title="bbox 2414 2844 2447 2868">
     <span class='ocr_line' id='line_1_48' title="bbox 2414 2844 2447 2868; baseline -0.061 0"><span class='ocrx_word' id='word_1_453' title='bbox 2414 2844 2447 2868; x_wconf 85' lang='lat'>30</span> 
     </span>
    </p>
   </div>
  </div>
 </body>
</html>
