2583 4011
137 345 158 381 Ιὺ

134 1722 155 1758 Ιὺ

208 163 284 201 100
1030 156 1211 192 SIDONII
1237 156 1581 192 EPISTULARUM

206 288 330 327 quem
366 288 442 314 nos
474 277 652 328 propter
682 272 791 314 hanc
825 273 960 328 ipsam
994 272 1284 328 paenitudinis
1309 273 1577 315 celeritatem
1600 285 1684 311 non
1715 270 1980 326 increpative
2004 270 2081 313 sed
2105 271 2396 313 consolatorie

205 342 347 397 potius
382 341 642 396 compellare
676 341 946 385 curavimus.
991 342 1090 396 quia
1120 342 1384 383 vicinaretur
1421 339 1696 381 innocentiae
1728 340 1934 380 festinata
1966 339 2191 381 correctio.
2254 354 2394 395 neque

204 410 317 451 0111111
351 410 577 464 quisquam
610 410 739 451 etiam
773 410 856 451 sibi
891 410 1001 451 bene
1036 410 1234 451 conscius
1257 411 1353 465 plus
1376 410 1522 450 facere
1546 407 1851 464 praesumpsit,
1882 408 1916 448 si
1938 408 2033 462 quis
2057 412 2202 451 tamen
2227 412 2397 450 vestrae

205 479 489 533 correptionis
523 478 704 520 orbitam
737 492 821 519 non
854 479 1049 532 reliquit.
1082 479 1240 533 quippe
1273 492 1369 519 cum
1402 491 1454 518 ea
1485 477 1597 531 ipsa,
1631 490 1741 530 quae
1774 475 1979 530 legimus,
2011 476 2229 532 parcentis
2263 476 2396 518 verba

210 561 419 588 censurae
453 561 652 588 maxuma
687 547 1003 588 emendationis
1037 546 1317 587 incitamenta
1349 546 1447 587 sint.
1510 559 1606 585 nam
1640 544 1740 599 quid
1779 548 1927 599 potest
1968 560 2065 587 esse
2098 545 2396 600 castigationis
2452 555 2466 577 ⁵

207 616 385 657 huiusce
434 621 583 658 tenore
631 616 890 671 pretiosum,
938 616 980 655 111
1023 629 1106 670 qua
1147 615 1257 656 forte
1301 618 1480 670 peccato
1522 614 1691 654 animus
1734 627 1867 668 aeger
1908 614 2099 669 repperit
2137 614 2398 656 intrinsecus

203 684 454 727 remedium.
489 699 583 725 eum
608 699 693 725 non
717 685 879 726 valeret
903 685 1173 725 extrinsecus
1202 683 1397 725 invenire
1420 683 1690 724 convicium?
1723 681 1836 737 quod
1860 687 2072 738 superest,
2105 683 2398 735 obsecramus,

202 758 247 794 ut
280 754 431 795 erebra
464 753 679 795 oratione.
717 767 793 808 per
831 766 958 807 quam
990 752 1104 793 vitiis
1145 752 1342 793 omnibus
1384 752 1570 793 immane
1603 750 1903 803 dominamini,
1944 765 2023 792 nos
2056 765 2245 807 quoque,
2288 753 2399 794 siout

202 823 480 877 euangelicos
518 836 668 876 magos
704 835 921 863 remeasse
954 821 1230 862 manifestum
1263 825 1350 873 est,
1382 821 1451 862 vel
1485 821 1569 861 iam
1602 834 1715 862 nunc
1746 834 1824 875 per
1854 820 1981 861 aliam
2010 821 2123 862 viam
2155 835 2322 862 morum
2355 821 2398 863 in

202 891 426 932 beatorum
459 890 640 945 patriam
675 889 813 931 redire
847 890 1031 931 faciatis.
1091 903 1231 945 paene
1263 889 1511 941 omiseram,
1547 888 1659 944 quod
1691 888 1867 930 minime
1900 889 2266 945 praetereundum
2297 890 2396 932 fuit:
2437 899 2469 923 10

203 961 316 1013 agite
350 959 509 1013 gratias
542 958 818 1009 Innocentio,
861 958 1089 1013 spectabili
1121 958 1234 1009 viro,
1266 957 1358 1012 qui,
1391 961 1437 998 ut
1470 957 1813 1013 praeceperatis,
1848 958 2016 999 naviter
2051 973 2217 1000 morem
2261 958 2399 1013 gessit

204 1029 418 1071 iniunctis.
481 1042 645 1069 memor
677 1027 810 1069 nostri
844 1042 940 1069 esse
973 1027 1167 1082 dignare.
1200 1026 1372 1068 domine
1405 1041 1531 1082 papa.

1270 1244 1325 1286 X.

583 1346 864 1388 SIDONIUS
897 1346 1134 1388 DOMINO
1167 1346 1364 1387 PAPAE
1400 1346 1696 1389 CENSORIO
1731 1347 2026 1391 SALUTEM.

339 1423 554 1485 Gnatum
588 1444 826 1485 litterarum
859 1444 1020 1485 levitici
1055 1443 1212 1485 ordinis
1236 1446 1439 1486 honestat
1463 1445 1665 1486 officium.
1718 1445 1786 1486 hic
1810 1459 1906 1486 cum
1930 1445 2094 1486 familia
2117 1460 2194 1487 sua
2217 1446 2398 1502 deprae-

202 1513 388 1553 dationis
430 1513 642 1554 Gothicae
696 1513 910 1554 turbinem
954 1513 1094 1554 vitans
1142 1514 1185 1554 in
1225 1514 1490 1555 territorium
1532 1518 1723 1556 vestrum
1766 1514 1936 1556 delatus
1976 1519 2042 1556 est
2081 1515 2199 1571 ipso,
2246 1519 2294 1556 ut
2338 1515 2400 1556 sic
2438 1525 2469 1548 15

201 1581 405 1631 dixerim.
455 1582 647 1637 pondere
694 1582 843 1636 fugae:
891 1582 963 1623 ubi
1004 1583 1046 1623 in
1088 1597 1132 1624 re
1178 1583 1412 1630 ccclesiae,
1463 1583 1530 1623 cui
1575 1583 1782 1624 sanctitas
1823 1587 1897 1624 tua
1939 1583 2178 1639 praesidet,
2224 1598 2401 1639 parvam

204 1656 441 1692 sementem
481 1651 790 1692 semiconfecto
832 1651 1013 1706 caespiti
1051 1650 1219 1692 advena
1257 1651 1430 1692 ieiunus
1471 1652 1641 1704 iniecit,
1690 1652 1812 1692 cuius
1861 1667 1916 1694 ex
1955 1653 2094 1694 solido
2132 1652 2402 1708 colligendae

204 1720 296 1760 fieri
332 1719 412 1760 sibi
447 1720 612 1774 copiam
647 1724 811 1761 exorat.
873 1734 999 1775 quem
1033 1720 1068 1760 si
1101 1719 1348 1762 domesticis
1371 1720 1471 1762 fidei
1495 1720 1702 1776 deputata
1725 1721 1998 1762 humanitate
2022 1721 2222 1774 foveatis,
2254 1721 2298 1763 id
2321 1726 2401 1772 est,

202 1798 249 1828 ut-
273 1787 464 1829 debitum
489 1788 671 1842 glaebae
695 1802 905 1829 canonem
928 1803 1012 1829 non
1035 1792 1222 1843 petatur,
1256 1793 1421 1830 tantum
1445 1790 1591 1831 lucelli
1613 1789 1868 1845 praestitum
1894 1789 1974 1830 sibi
1999 1794 2220 1846 computat
2252 1790 2397 1846 (pere-

202 1857 312 1910 grini
345 1857 531 1898 hominis
564 1862 611 1898 ut
643 1871 813 1909 census,
848 1857 908 1898 sic
941 1857 1108 1899 animus
1140 1859 1392 1913 angustus),
1425 1873 1475 1900 ac
1509 1859 1544 1900 si
1576 1859 1619 1900 in
1651 1859 1789 1914 patrio
1823 1859 1914 1900 solo
1947 1859 2242 1901 rusticaretur.
2303 1859 2403 1901 huic
2439 1868 2473 1892 ‘20

203 1925 235 1965 si
269 1926 525 1980 legitimam.
565 1932 609 1967 ut
647 1940 739 1967 mos
772 1931 858 1974 est,
892 1927 1151 1969 solutionem
1185 1928 1452 1983 perexiguae
1486 1929 1647 1983 segetis
1681 1926 1932 1982 indulgeas,
1974 1932 2191 1983 tamquam
2224 1927 2402 1984 opipare

201 1995 429 2036 viaticatus
462 2010 557 2036 cum
589 1995 826 2050 gratiarum
859 1997 1028 2038 actione
1064 1996 1288 2038 remeabit.
1357 2012 1434 2052 per
1465 2011 1592 2052 quem
1635 1997 1668 2038 si
1712 2010 1779 2038 me
1822 1996 1920 2038 stilo
1955 1997 2109 2038 solitae
2143 1996 2402 2051 dignationis

201 2063 443 2118 impertias,
491 2064 595 2105 mihi
640 2065 988 2121 fraternitatique
1031 2065 1126 2107 istic
1173 2066 1280 2107 sitae
1324 2066 1485 2122 pagina
1525 2070 1600 2107 tua
1638 2066 1771 2108 veluti
1813 2066 1912 2121 polo
1955 2066 2077 2122 lapsa
2118 2065 2402 2121 reputabitur.

203 2146 367 2174 memor
399 2134 533 2176 nostri
566 2149 664 2176 esse
697 2134 892 2189 dignare,
926 2134 1097 2177 domine
1131 2149 1256 2190 papa.

1260 2354 1340 2396 XI.

536 2455 816 2497 SIDONIUS
850 2455 1087 2497 DOMINO
1120 2455 1317 2497 PAPAE
1351 2456 1742 2498 ELEUTHERIO
1777 2455 2070 2497 SALUTEM.
2204 2437 2218 2445 “
2441 2462 2474 2487 25

346 2533 536 2594 Ismarii
569 2567 777 2607 praesens
816 2554 964 2595 charta
1008 2553 1302 2599 commendat.
1346 2568 1431 2595 non
1471 2553 1584 2610 quod
1623 2553 1728 2594 mihi
1770 2555 1942 2609 placeat
1980 2567 2119 2605 error,
2161 2567 2239 2608 per
2276 2565 2403 2607 quem

205 2626 388 2675 pereunt
436 2622 638 2673 involuti,
688 2622 763 2665 sed
806 2623 906 2677 quia
951 2623 1167 2665 neminem
1210 2623 1402 2679 ipsorum
1450 2637 1527 2665 nos
1568 2623 1695 2665 decet
1734 2637 1789 2665 ex
1828 2637 1927 2665 asse
1971 2621 2260 2663 damnabilem
2303 2634 2404 2676 pro-

1772 2768 1784 2786 Γ

343 2793 356 2825 1
385 2795 630 2828 consulatui-iae
656 2795 707 2827 L¹
839 2794 860 2826 2
887 2796 1087 2829 vitinaretur
1112 2796 1149 2828 F
1216 2797 1373 2829 festinata
1398 2809 1424 2829 s.
1453 2797 1473 2828 ί.
1500 2796 1583 2828 add.
1609 2796 1663 2828 1⁸2
1734 2797 1859 2829 ceretio
1884 2795 1939 2828 1⁴¹2
2061 2794 2082 2828 3
2108 2795 2333 2846 praesumpsit
2351 2793 2403 2825 L¹

201 2872 221 2905 4
247 2875 462 2908 correctionis
482 2875 513 2906 Τ
579 2876 722 2918 reliquid
738 2876 779 2916 L,
804 2876 965 2918 relinquit
983 2877 1017 2914 (n
1033 2887 1120 2908 eras.
1137 2876 1179 2907 M
1195 2877 1220 2918 ¹)
1236 2877 1280 2908 M
1392 2876 1413 2909 5
1436 2888 1595 2909 maxuma
1608 2876 1776 2917 Maserius,
1802 2887 1979 2909 maxumae
1993 2876 2035 2917 L,
2058 2875 2223 2908 maximae
2239 2873 2408 2907 MTGFP

201 2956 416 2989 incitamenta
446 2957 511 2989 sint
538 2969 613 2989 nam
640 2958 720 3000 quid
748 2965 855 3000 potest
881 2968 954 2990 esse
981 2957 1212 2999 castigationis
1236 2969 1299 2989 om.
1330 2958 1357 2989 U
1447 2962 1527 2990 sunt
1550 2957 1692 2989 MTFP
1837 2956 1858 2990 6
1882 2957 2032 2999 pelosius
2056 2956 2098 2997 L,
2122 2956 2307 2999 preciosius
2332 2954 2405 2987 MC

203 3047 220 3076 q
251 3036 279 3067 (J
392 3037 516 3079 reperit
545 3037 571 3068 L
736 3036 754 3069 7
781 3039 965 3071 remedium
998 3048 1075 3070 cum
1114 3049 1181 3070 non
1215 3038 1343 3070 valeret
1372 3038 1583 3070 extrinsecus
1617 3037 1699 3070 add.
1732 3038 1769 3069 in
1792 3049 1901 3079 mam.
1928 3037 1977 3068 1³¹
2094 3036 2280 3069 convitium
2305 3034 2410 3067 LTF

561 3098 614 3112 ,Α

202 3115 282 3156 quid
311 3116 339 3147 C
513 3116 534 3149 ὅ
559 3119 710 3151 orotione
736 3118 773 3150 F
884 3119 981 3151 viciis
1008 3119 1036 3149 C
1206 3118 1227 3149 ἒ)
1252 3118 1468 3160 euangelicos
1493 3117 1525 3158 (c
1549 3117 1585 3149 in
1608 3129 1678 3150 ras.
1705 3117 1747 3149 M
1757 3117 1782 3158 ¹)
1809 3117 1852 3149 M
2030 3115 2070 3149 10
2094 3117 2202 3149 redire
2227 3115 2404 3157 LMC'FP,

208 3206 353 3227 remeare
386 3195 416 3226 Τ
564 3196 601 3228 ll
630 3178 737 3240 spiiali
765 3198 793 3230 (Σ
888 3198 1044 3239 gnaviter
1071 3196 1242 3229 MTCFP
1392 3195 1434 3228 1⁶2
1459 3207 1532 3229 esse
1556 3197 1695 3239 dignare
1720 3197 1853 3228 domine
1879 3208 1965 3239 papa
1989 3207 2052 3228 unz.
2078 3195 2181 3228 MGP
2270 3195 2404 3228 domine

206 3286 289 3317 papa
308 3287 370 3307 om.
390 3276 426 3307 F
564 3276 789 3309 13‘Sitlonius
814 3278 947 3309 domino
966 3288 1029 3309 om.
1048 3277 1086 3309 F
1173 3277 1394 3309 CENSORIO
1418 3277 1567 3307 PAPAE
1588 3277 1616 3308 (J
1706 3276 1849 3308 salutem
1874 3286 1937 3308 om.
1952 3275 1989 3307 F
2125 3273 2168 3307 14
2190 3275 2341 3308 leuuitici
2368 3273 2403 3307 L

208 3353 249 3386 15
273 3356 417 3396 gortinae
444 3356 485 3386 JI
636 3355 676 3388 19
702 3357 765 3388 sibi
792 3358 989 3399 praestituri}
1023 3356 1054 3387 T
1209 3355 1254 3389 20
1278 3361 1446 3399 augustus
1474 3355 1540 3388 CF
1689 3354 1731 3387 21
1758 3355 1956 3398 legittimam
1982 3354 2019 3387 F
2114 3360 2272 3397 tanquam
2301 3355 2409 3387 LMF

206 3435 364 3477 oppipare
391 3434 427 3466 Γ
584 3434 628 3467 23
669 3436 738 3478 imp
754 3436 838 3468 *tias
864 3436 924 3467 Jl¹
1045 3437 1145 3468 michi
1174 3437 1202 3467 (J
1359 3434 1403 3468 24
1440 3446 1567 3468 memor
1600 3436 1705 3468 nostri
1740 3446 1813 3468 esse
1845 3435 1984 3477 dignare
2013 3435 2147 3468 domine
2171 3447 2260 3478 papa
2283 3447 2344 3468 om.
2371 3435 2403 3467 L

203 3527 329 3547 memor
353 3516 397 3547 sis
421 3516 527 3548 nostri
553 3516 667 3548 ceteris
693 3527 754 3547 om.
788 3515 818 3546 Τ
906 3527 977 3548 csse
1003 3516 1143 3558 dignare
1168 3516 1302 3548 domine
1327 3527 1413 3558 papa
1430 3527 1493 3548 om.
1508 3515 1612 3547 ch'P
1702 3512 1836 3548 domine
1863 3526 1949 3557 papa
1974 3526 2036 3547 om.
2051 3515 2088 3547 F
2222 3513 2266 3546 25
2290 3510 2402 3547 Sidon'

204 3594 280 3627 (0111.
315 3594 464 3636 domino)
492 3595 528 3627 F
641 3596 932 3627 ELEVTHERIO
969 3597 1116 3627 PAPAE
1144 3596 1172 3627 U
1292 3600 1367 3637 post
1403 3594 1598 3627 Eleutherio
1636 3595 1697 3635 bey.
1731 3594 1814 3626 SVO
1846 3593 1881 3624 ἰη
1906 3592 1972 3624 LP
2099 3593 2241 3626 salutem
2278 3605 2342 3626 om.
2368 3593 2406 3625 F

204 3674 246 3708 245
271 3677 389 3709 cartha
417 3675 457 3716 L,
482 3682 571 3708 (tarta
604 3675 697 3708 TCL'
789 3660 916 3719 placeat
942 3659 1020 3708 1111111
1048 3681 1178 3718 transp.
1205 3676 1263 3707 Ml
1413 3673 1457 3708 27
1483 3675 1730 3718 dampnabilem
1756 3673 1864 3706 MOI*
1963 3674 2186 3717 pronunciare
2210 3673 2314 3707 LJIC
