2583 4011
541 501 588 525 1:³5,

547 1195 596 1219 :uz

548 1544 599 1567 2⁵10

565 2585 614 2609 2³25

570 2934 620 2957 231]

573 3281 623 3305 235

1032 163 1136 197 xxn
1164 173 1194 195 ν.
1218 163 1281 195 14⁸
1307 180 1348 184 —
1377 172 1407 193 v.
1426 159 1502 193 235».

635 282 887 324 continuata
919 279 1076 321 dehinc
1112 277 1259 318 videas
1292 290 1402 331 quac
1436 274 1629 315 conditor
1662 287 1793 313 ausus

632 352 804 393 aemula
836 347 1045 391 Palladiis
1079 346 1269 388 textrina
1303 345 1490 386 educere
1525 342 1713 397 templis.

632 421 710 461 hac
745 420 849 460 celsi
882 416 1098 473 quondam
1133 415 1320 456 coniunx
1355 410 1595 454 reverenda
1628 410 1801 451 Leonti.

634 504 719 547 qua
751 504 835 531 non
869 489 958 529 ulla
991 486 1129 540 magis
1164 498 1296 526 nurus
1330 495 1532 537 umquam
1567 480 1721 520 Pontia
1755 478 1915 531 gaudet

636 560 818 600 illustris
852 572 928 614 pro
962 562 1079 597 sorte
1114 555 1205 597 viri.
1241 551 1540 594 celebrabitur
1571 549 1679 590 aede

636 630 704 671 vel
740 629 886 684 Syrias
921 640 1131 668 vacuasse
1166 624 1286 665 colus
1323 622 1388 663 vel
1424 621 1566 661 serica
1598 619 1669 660 fila

637 714 713 756 per
745 712 906 740 cannas
941 696 1122 738 torsisse
1158 695 1277 735 leves
1310 692 1376 732 vel
1411 690 1593 731 stamine
1626 688 1744 729 fulvo

635 768 918 825 praegnantis
952 766 1035 807 fusi
1071 764 1282 805 mollitum
1316 776 1444 802 nesse
1481 758 1721 800 metallum.

635 837 872 894 parictibus
906 840 1002 891 post
1036 834 1131 875 him·
1167 832 1310 874 rutilat
1345 845 1455 886 quae
1491 827 1691 869 machina
1724 826 1879 866 iunctis

636 909 718 948 fert
751 906 1032 947 recutitorum
1067 900 1295 958 primordia
1335 899 1606 940 ludaeorum.

637 981 895 1032 perpetuum
930 974 1099 1030 pictura
1133 972 1281 1017 micatss.
1317 984 1393 1010 nec
1427 974 1624 1022 tempore
1660 966 1786 1019 longo

639 1045 883 1101 depretiata
916 1057 1018 1084 suas
1051 1046 1227 1096 turpant
1261 1039 1484 1095 pigmenta
1517 1036 1692 1090 figuras,

707 1114 919 1155 Flecteris
951 1113 1005 1153 ad
1038 1112 1224 1152 laevam:
1262 1115 1303 1150 tc
1338 1107 1528 1163 porticus
1561 1104 1720 1160 accipit
1752 1103 1893 1158 ampla

642 1183 816 1225 directis
851 1186 1025 1223 curvata
1062 1179 1156 1223 viis,
1190 1178 1261 1219 ubi
1297 1176 1492 1231 margine
1526 1187 1693 1215 summo

643 1252 804 1310 pendet
837 1256 879 1292 et
911 1249 1061 1292 artatis
1096 1252 1180 1288 stat
1214 1261 1350 1287 saxea
1383 1245 1492 1285 silva
1527 1242 1752 1284 columnis.

641 1323 728 1364 alta
761 1319 1024 1362 volubilibus
1058 1321 1177 1374 patet
1210 1316 1278 1357 hic
1316 1314 1488 1357 cenatio
1525 1312 1678 1353 valvis:

643 1391 781 1434 fusilis
815 1389 992 1445 euripus
1026 1392 1223 1444 propter:
1258 1384 1372 1427 cadit
1404 1383 1519 1424 unda
1554 1396 1742 1438 superne

641 1466 742 1504 ante
777 1460 892 1502 fores
925 1457 1145 1514 pendente
1178 1457 1290 1500 lacu,
1325 1466 1566 1508 venamque
1599 1451 1737 1493 secuti

642 1531 812 1573 undosa
843 1529 1072 1570 inveniunt
1105 1530 1260 1568 nantes
1295 1522 1503 1566 cenacula
1535 1521 1694 1577 pisces.

642 1600 882 1643 comminus
917 1598 1099 1653 erigitur
1133 1596 1199 1637 vel
1236 1594 1374 1650 prima
1407 1592 1474 1634 vel
1509 1590 1675 1633 extima
1707 1589 1856 1630 turris:

643 1684 736 1712 mos
770 1669 851 1711 erit
883 1668 951 1708 hic
984 1666 1170 1708 dominis
1204 1664 1433 1705 hibernum
1468 1661 1608 1714 sigma
1640 1660 1798 1700 locare.

643 1740 770 1781 huius
804 1737 1036 1792 conspicuo
1071 1733 1267 1776 residens
1301 1732 1342 1773 in
1377 1731 1564 1773 culmine
1598 1742 1731 1784 saepe

645 1810 852 1851 dilectum
885 1806 1047 1848 nostris
1080 1804 1219 1846 Musis
1254 1803 1381 1844 simul
1416 1805 1546 1856 atque
1580 1800 1759 1855 capellis

594 1898 601 1912 1
649 1878 856 1935 aspiciam
890 1880 1101 1918 montem:
1135 1873 1246 1915 lauri
1280 1871 1500 1928 spatiabor
1532 1870 1575 1911 in
1609 1870 1704 1910 istis

647 1947 888 1999 frondibus,
920 1946 990 1987 hic
1024 1943 1238 2000 trepidam
1263 1941 1438 1983 credam
1464 1939 1566 1981 mihi
1590 1938 1767 1980 credere
1792 1938 2024 1994 Daphnen.

648 2020 733 2061 iam
767 2018 803 2059 si
834 2017 945 2058 forte
978 2015 1138 2071 gradus
1177 2013 1394 2069 geminam
1435 2010 1653 2052 convertis
1686 2008 1739 2050 ad
1772 2008 1949 2059 Arcton,

650 2094 696 2130 ut
728 2087 877 2129 venias
910 2086 954 2126 in
986 2084 1148 2140 templa
1180 2083 1263 2126 dei.
1296 2082 1366 2137 qui
1399 2080 1613 2121 maximus
1648 2079 1721 2120 ille
1755 2083 1834 2119 est.

651 2156 818 2198 deliciis
852 2153 1050 2196 redolent
1081 2151 1238 2193 iunctis
1271 2149 1487 2205 apotheca
1518 2161 1763 2203 penusque:

654 2227 723 2268 hic
756 2225 916 2267 multus
950 2228 1010 2269 tu.
1043 2222 1191 2273 frater,
1226 2221 1324 2263 eris.
1387 2219 1471 2260 iam
1505 2216 1648 2258 divide
1683 2215 1843 2258 sedem.

653 2309 855 2338 cessurus
888 2294 992 2335 mihi
1023 2293 1142 2335 fonte
1176 2305 1287 2337 ineo.
1321 2303 1448 2345 quem
1481 2292 1626 2329 monte
1660 2287 1868 2328 fluentem

652 2365 822 2407 umbrat
854 2363 1113 2405 multicavus
1146 2360 1338 2416 spatioso
1373 2358 1525 2399 circite
1558 2356 1715 2398 fornix.

654 2449 738 2477 non
773 2438 873 2489 eget
905 2433 975 2474 hic
1009 2431 1140 2474 cultu.
1175 2428 1296 2471 dedit
1329 2427 1428 2469 huic
1462 2431 1614 2468 natura
1645 2425 1861 2467 decorem.

655 2506 713 2546 nil
746 2504 892 2545 fictum
927 2501 1144 2558 placuisse
1178 2500 1335 2555 placet.
1368 2512 1453 2538 non
1487 2510 1648 2552 pompa
1679 2509 1759 2550 per
1790 2499 1928 2536 artem

657 2575 759 2626 ulla,
793 2572 1020 2615 resultanti
1055 2584 1140 2612 non
1173 2573 1317 2611 comet
1347 2567 1533 2608 malleus
1567 2566 1654 2606 ictu

660 2659 780 2697 saxa,
815 2658 893 2686 nec
926 2656 1109 2684 exesum
1144 2638 1412 2696 supplebunt
1444 2649 1657 2678 marmora
1688 2635 1836 2676 tofum.

662 2714 730 2756 hic
763 2714 860 2755 fons
895 2711 1116 2754 Castaliae
1149 2708 1276 2751 nobis
1310 2707 1403 2748 vice
1438 2705 1600 2747 sufficit
1630 2703 1788 2746 undae.

661 2788 808 2826 cetera
839 2782 961 2824 dives
992 2780 1125 2828 habe;
1160 2778 1295 2820 colles
1327 2780 1401 2818 tua
1432 2775 1526 2816 iura
1558 2774 1831 2816 tremiscant:

663 2853 858 2909 captivos
892 2852 962 2893 hic
997 2851 1117 2892 solve
1150 2853 1261 2898 tuos,
1296 2851 1339 2889 et
1371 2860 1449 2902 per
1482 2846 1584 2900 iuga
1614 2843 1751 2898 Burgi

665 2924 782 2965 laeta
814 2923 1039 2964 relaxatae
1072 2920 1178 2961 fiant
1208 2918 1359 2959 vineta
1391 2912 1616 2957 catenae.⁷”

728 2991 966 3033 Confirmat
998 3003 1146 3031 vocem
1180 2987 1353 3029 iamiam
1386 2998 1522 3041 prope
1557 2983 1725 3025 sobrius
1758 2981 1882 3022 istam

666 3062 852 3113 Silenus,
885 3060 1133 3116 pariterque
1168 3056 1288 3099 chori
1321 3055 1522 3097 cecinere
1555 3052 1771 3093 faventes:

667 3131 829 3187 '‘Nysa‚
862 3131 959 3171 vale
992 3128 1181 3172 Bromie.
1215 3125 1396 3167 Phoebo
1429 3123 1624 3165 Parnase
1657 3121 1870 3162 bivertex.

664 3215 751 3242 non
782 3200 910 3240 istum
944 3197 1110 3248 Naxus,
1142 3209 1228 3237 non
1261 3194 1393 3235 istum
1425 3191 1581 3233 Cirrha
1613 3189 1819 3245 requirat.

669 3269 745 3311 sed
779 3283 905 3324 mage
939 3270 1152 3323 perpetuo
1185 3264 1360 3318 Burgus
1393 3260 1605 3317 placitura
1637 3256 1852 3314 petatur.'‘

2266 156 2347 194 249

2147 3403 2342 3438 veneranda
2363 3402 2391 3433 C

2078 3520 2146 3554 208
2171 3519 2310 3552 curibus
2330 3517 2390 3556 Ga,

2135 3575 2204 3609 218
2228 3573 2274 3617 in]
2301 3591 2339 3606 n*
2361 3574 2393 3606 P

2074 3633 2142 3667 233
2169 3632 2301 3665 brumio
2327 3630 2396 3663 PF

318 3423 382 3457 192
406 3425 507 3457 aulus
527 3423 556 3456 G
684 3419 750 3453 193
780 3419 947 3452 textrinae
979 3418 1102 3450 ducere
1123 3415 1190 3455 ΟΡ,
1223 3414 1370 3447 textrino
1395 3413 1519 3444 ducere
1536 3410 1573 3443 F
1703 3407 1768 3442 194
1792 3421 1831 3442 ae
1850 3408 1890 3449 Ι),
1923 3410 2010 3441 hanc
2029 3408 2066 3440 F

178 3485 294 3518 leontii
320 3483 418 3516 codd.
576 3478 641 3513 195
666 3479 763 3511 nulla
788 3477 825 3510 F
931 3476 1052 3519 poncia
1079 3474 1108 3507 C
1264 3470 1328 3504 198
1353 3471 1471 3503 torsise
1499 3469 1531 3501 P
1636 3469 1730 3501 levas
1763 3467 1813 3498 Ta
1967 3465 2038 3497 200
2062 3475 2162 3507 quam
2189 3461 2229 3501 P,
2263 3471 2332 3502 qua
2364 3457 2394 3489 Τ

179 3540 248 3574 202
272 3547 427 3584 tempora
447 3540 496 3572 Ca
580 3539 709 3580 longuo
733 3535 766 3567 T
891 3532 958 3566 203
983 3534 1145 3576 figmenta
1163 3530 1200 3563 lv*
1276 3530 1405 3572 figuras
1429 3529 1456 3560 it
1472 3527 1527 3559 Pa
1659 3524 1729 3559 204
1753 3526 1890 3558 laevum
1914 3523 1945 3555 T

181 3601 345 3642 eurippus
369 3597 406 3630 F
552 3593 620 3627 212
645 3595 725 3627 hinc
749 3593 787 3626 F
888 3603 1005 3635 sycma
1036 3591 1073 3631 T,
1105 3591 1224 3622 simma
1252 3587 1322 3628 CF,
1354 3598 1486 3629 symma
1511 3585 1544 3617 P
1692 3582 1759 3615 216
1792 3582 1928 3624 daphne
1954 3580 1992 3613 F

181 3657 238 3689 illo
263 3656 301 3688 F
435 3652 502 3685 221
528 3654 638 3685 fronte
661 3651 699 3684 F
832 3648 901 3682 222
926 3649 1047 3681 umbra
1064 3648 1097 3680 P
1240 3643 1307 3677 226
1333 3644 1481 3687 cophum
1499 3642 1537 3675 F
1671 3640 1739 3674 228
1765 3640 1867 3672 habet
1885 3638 1930 3671 0¹

183 3714 277 3747 febro
303 3712 341 3745 F
428 3721 589 3754 parnasse
616 3709 676 3742 GP
811 3706 880 3741 ‘235
905 3707 946 3739 ed
974 3706 1002 3739 O

325 3791 492 3826 Summus.

2074 3772 2119 3806 32
