2583 4011
992 201 1128 236 hinnu
1162 201 1222 243 111,
1249 204 1337 242 ssi
1370 224 1399 227 -
1443 204 1562 243 123‘4,
2326 208 2376 245 ,Π

172 320 289 361 celsa
321 323 576 360 memoratu,
638 319 693 359 ita
728 319 870 359 cuncti
906 324 1123 360 nostrates
1158 318 1356 372 idemque
1390 322 1627 357 summates
1664 318 1739 357 viri
1776 320 2032 372 optimarum
2070 326 2109 359 te
2147 320 2373 360 exactissi-

173 402 425 442 marumque
459 388 644 442 partium
680 388 1105 442 praestautissimum
1140 387 1498 443 patremfamilias
1540 400 1729 426 consono
1776 389 2005 440 pram-onie
2050 395 2377 443 prosequuntur.

174 457 464 513 adstipulatur
496 456 594 497 huic
627 456 680 496 de
716 461 757 497 te
791 457 1037 497 sententiae
1071 457 1283 497 bonorum
1320 455 1385 494 vel
1431 456 1490 494 sic
1526 455 1692 494 electus
1728 469 1861 506 gener
1895 457 1958 495 vel
1995 456 2149 496 educta
2183 458 2240 497 sie
2274 458 2381 499 tilia:

174 528 214 567 in
248 540 428 581 quorum
464 525 620 581 copula
653 530 737 565 tam
773 524 945 565 felicem
982 525 1059 566 tibi
1095 524 1434 565 controversiam
1469 528 1569 563 vota
1603 531 1887 578 pepererunt.
1936 531 1978 563 ut
2011 525 2206 576 ambigas
2240 536 2380 566 utrum

120 610 134 631 5
174 595 335 637 iudicio
382 608 435 635 an
480 594 753 635 institutione
789 595 1079 648 superaveris.
1159 593 1235 634 sed
1287 598 1428 633 tamen
1481 592 1576 632 binc
1628 592 1693 631 vel
1745 606 1969 632 maxume.
2017 602 2217 646 pai-cutm
2257 595 2382 634 ambo

172 664 462 708 venerabiles„
496 668 589 705 este
623 664 785 704 securi:
821 663 980 704 idcirco
1015 667 1186 703 eeteros
1212 662 1398 702 vincitis.
1435 660 1546 716 quod
1574 675 1647 700 vos
1673 661 1746 700 tilii
1780 661 2057 702 transierunt.
2122 662 2251 713 igitur
2273 663 2382 703 dona

171 734 300 776 venia
332 734 499 775 litteras
533 733 706 789 primas.
742 747 848 788 quas
882 738 929 773 ut
961 731 1145 773 necdum
1180 732 1352 772 mittere
1386 730 1551 771 desidia
1587 731 1741 770 fuerat.
1778 730 1832 770 ita
1861 744 2014 770 vereor
2049 745 2099 771 uc
2134 732 2187 771 sit
2213 733 2382 772 misisse

173 804 418 860 garrulitas,
481 803 647 844 carebit
679 817 783 844 sane
819 806 1012 843 nestrum
1048 816 1187 843 naevo
1229 801 1504 856 loquacitatis
1549 800 1761 840 efficium.
1803 801 1836 840 si
1878 800 2080 854 exemplo
2121 802 2383 840 recursantis

173 871 355 927 alloquii
388 872 702 927 impudentiam
737 874 924 928 paginae
958 872 1203 928 praesentis
1236 871 1490 912 absolveris.
1555 870 1663 911 vale.

1226 1076 1329 1118 ΧΠ.

107 1197 137 1220 10
747 1181 1031 1223 SiluiNll's
1067 1179 1345 1220 sEfflssNJm
1383 1179 1495 1218 SIT)
1531 1178 1825 1219 SALUTEM.

321 1263 422 1322 Ανι
456 1283 562 1327 mei,
610 1283 756 1338 proavi
800 1282 861 1322 tui
896 1280 1107 1320 tumulum
1151 1279 1357 1319 hesterno
1391 1280 1487 1333 (pro
1523 1276 1688 1332 dolel-I)
1729 1276 1798 1317 die
1841 1291 1977 1331 paene
2021 1290 2170 1316 manus
2215 1275 2388 1329 profana

176 1356 491 1394 temeraverat:
541 1351 617 1393 sed
663 1351 769 1393 deus
809 1351 952 1398 affuit„
1000 1364 1054 1390 ne
1104 1350 1226 1390 nefas
1270 1353 1436 1388 tautum
1481 1351 1818 1402 perpetraretur.
1890 1359 2070 1400 campus
2112 1349 2253 1385 autem
2297 1344 2389 1398 ipse

175 1419 336 1460 dudum
379 1420 566 1462 refertus
608 1425 693 1462 tam
735 1420 1012 1462 bustualibus
1052 1419 1212 1460 favillis
1252 1433 1378 1473 quam
1421 1417 1709 1457 cadavo1·il›1‚1s
1755 1416 1917 1456 nullam
1959 1415 2042 1454 iam
2083 1413 2153 1454 diu
2194 1413 2388 1453 scrobem

176 1490 435 1546 recipiebat:
480 1491 557 1533 sed
596 1492 680 1533 iam
723 1492 853 1532 tellus
896 1491 1088 1531 humatis
1127 1504 1236 1544 quae
1281 1488 1588 1543 superducitur
1628 1487 1816 1528 redierat
1858 1486 1897 1526 in
1943 1484 2165 1540 pristinam
2206 1482 2390 1522 distenta

107 1572 137 1596 15
175 1560 400 1616 planitiem
445 1560 638 1617 pondere
686 1561 817 1602 nivali
860 1575 937 1601 seu
972 1559 1174 1600 diuturno
1217 1559 1417 1599 imbrium
1459 1559 1579 1599 fluxu
1624 1557 1866 1598 sidentibus
1910 1555 2092 1596 acervis.
2160 1568 2269 1607 quae
2315 1552 2391 1592 t'uit

176 1644 332 1681 causa‚
384 1634 430 1671 ut
475 1631 615 1672 locum
667 1631 879 1672 auderent
931 1634 1148 1684 tamquam
1201 1633 1425 1669 vacantem
1479 1642 1706 1683 ‹·orp‹n·um
1758 1626 1888 1666 baiuli
1941 1624 2089 1665 rastris
2138 1622 2393 1663 funebribus

175 1699 370 1755 impiare.
432 1700 534 1755 quid
579 1701 729 1756 plura?
772 1700 855 1740 iam
896 1700 1019 1753 niger
1061 1713 1242 1753 caespes
1287 1713 1341 1739 ex
1384 1696 1528 1739 viridi.
1574 1697 1657 1736 iam
1693 1710 1820 1750 supra
1857 1695 2079 1749 antiquum
2116 1691 2390 1748 sepulchrum

177 1769 361 1823 glaebae
397 1774 622 1819 recentes,
667 1784 762 1810 cum
810 1769 921 1810 forte
964 1782 1151 1824 pergens
1191 1768 1342 1809 urbem
1389 1767 1440 1807 ad
1476 1767 1716 1807 Arvernam
1753 1765 1971 1821 publicum
2007 1763 2149 1803 scelus
2184 1779 2205 1802 e
2242 1775 2392 1815 ¹super-

177 1838 276 1879 cilio
310 1838 437 1879 vicini
473 1839 595 1880 collis
628 1840 784 1895 aspexi
816 1853 972 1893 meque
1007 1852 1118 1893 equo
1154 1838 1293 1879 effuso
1328 1842 1414 1877 tam
1450 1852 1526 1892 per
1559 1840 1746 1891 aequata
1789 1849 1914 1890 quam
1961 1848 2038 1889 per
2078 1833 2263 1887 abrupta
2295 1845 2392 1885 pro-

107 1919 140 1944 20
178 1909 339 1964 ripiens
375 1913 418 1949 et
450 1924 597 1950 morae
631 1910 817 1964 exiguae
852 1909 913 1949 sic
945 1922 1117 1963 quoquc
1153 1908 1393 1963 inpatiens,
1439 1911 1668 1961 antequam
1706 1905 2006 1961 1‘›erx=·enir‹nu.
2049 1902 2216 1943 facinus
2250 1899 2392 1940 audax

176 1979 355 2033 praevio
389 1979 579 2021 clamore
615 1980 878 2035 compescui.
941 1978 1041 2018 dum
1076 1977 1275 2018 dubitant
1309 1978 1347 2017 iu
1384 1977 1561 2017 crimine
1596 1976 1756 2031 reperti
1790 1974 2088 2015 dilaberentur
2127 1986 2178 2012 an
2213 1975 2391 2010 starent.

176 2048 425 2104 superveni.
489 2049 698 2091 confiteor
731 2064 942 2096 errorem,
987 2048 1202 2103 supplicia
1235 2054 1458 2102 captorum
1493 2046 1669 2087 differre
1705 2060 1787 2085 non
1821 2043 1963 2099 potui.
2006 2041 2080 2081 sed
2116 2055 2245 2096 supra
2278 2039 2393 2079 senis

178 2117 316 2158 nostri
349 2118 490 2173 ipsum
538 2119 805 2175 opertorium
846 2118 952 2159 torsi
991 2119 1203 2158 latrones.
1249 2121 1457 2172 quantum
1503 2115 1704 2156 sufficere
1747 2118 1897 2168 posset
1937 2111 2216 2167 superstitum
2251 2122 2393 2149 curae.

177 2191 447 2228 mortuorum
482 2188 721 2230 securitati.
785 2192 978 2228 ceterum
1012 2190 1160 2227 nostro
1185 2186 1298 2241 quod
1325 2185 1542 2226 sat-armai
1578 2184 1637 2224 nil
1672 2182 1892 2224 reservavi
1926 2195 2048 2222 meae
2084 2193 2242 2220 causae
2267 2192 2390 2218 suae-

109 2265 141 2290 25
182 2270 264 2311 que
298 2270 513 2311 personae
546 2258 790 2313 praescius,
832 2257 874 2298 in
908 2270 1138 2298 commune
1178 2256 1399 2297 consului.
1449 2270 1501 2296 nc
1544 2254 1613 2295 vel
1658 2253 1767 2293 hacc
1806 2252 1918 2293 iusto
1960 2249 2217 2291 clementius
2259 2247 2393 2288 vindi-

181 2329 356 2366 caretur
386 2326 456 2366 vel
488 2326 563 2367 illa
595 2326 710 2368 iusto
746 2327 942 2368 severius
967 2325 1220 2367 vindicaret.
1283 2326 1350 2366 cui
1385 2339 1482 2365 cuin
1516 2328 1661 2364 tamen
1696 2326 1831 2362 totum
1866 2319 2064 2361 ordinem
2098 2319 2160 2360 rei
2193 2323 2239 2359 ut
2268 2318 2395 2358 satis-

181 2394 346 2436 faciens
380 2410 436 2437 ex
468 2395 623 2438 itinere
665 2396 966 2448 mandassem7
1010 2396 1075 2436 vir
1114 2400 1288 2437 sanctus
1330 2400 1373 2437 et
1412 2395 1553 2435 iustus
1591 2391 1841 2433 iracundiae
1883 2404 2006 2431 meae
2045 2388 2164 2430 dedit
2201 2388 2395 2443 gloriam,

185 2479 282 2506 cum
315 2465 376 2506 nil
408 2466 595 2522 amplius
630 2481 711 2522 ego
735 2467 864 2508 venia
885 2466 1169 2522 postularem,
1202 2465 1488 2521 pronuntians
1513 2476 1631 2503 more
1666 2461 1874 2502 maiorum
1908 2474 2006 2501 reos
2038 2462 2184 2499 tantae
2218 2457 2394 2498 temeri-

183 2534 285 2575 tatis
319 2533 413 2575 iure
447 2549 601 2576 caesos
634 2536 785 2579 videri.
849 2536 925 2578 sed
958 2550 1012 2577 ne
1047 2535 1149 2590 quid
1182 2536 1224 2576 in
1267 2539 1492 2591 posterum
1536 2531 1709 2573 casibus
1753 2531 1903 2579 liccat,
1947 2543 2054 2586 quos
2097 2527 2151 2569 ab
2195 2527 2396 2583 exemplo

324 2708 342 2742 1
366 2715 447 2753 post
470 2711 516 2743 ita
542 2711 603 2753 less.
628 2715 662 2744 te
685 2711 723 2743 in
753 2710 786 2742 Τ
851 2714 1001 2744 sumates
1030 2707 1067 2751 C,
1092 2714 1267 2751 sumantes
1292 2709 1330 2742 F
1339 2710 1348 2728 ¹
1467 2707 1489 2740 2
1508 2712 1589 2750 post
1614 2706 1939 2748 praestantissimum
1967 2705 2027 2745 lcsl.
2053 2709 2086 2736 te
2110 2704 2145 2735 in
2177 2702 2208 2734 T
2272 2708 2399 2744 patrem

186 2789 283 2823 samii
309 2790 348 2822 F
482 2796 710 2835 prosecuntur
734 2792 772 2824 F
952 2791 973 2823 3
999 2791 1204 2834 astipulatur
1228 2791 1268 2822 M
1276 2790 1400 2823 TOFP
1515 2790 1646 2822 erudita
1677 2789 1725 2820 sic
1757 2787 1792 2828 T,
1817 2787 1865 2819 sic
1895 2787 2035 2819 educata
2064 2785 2101 2817 F
2271 2780 2291 2814 4
2316 2788 2400 2825 pos-l.

186 2872 309 2915 copula
333 2884 440 2905 unam
465 2873 525 2905 litt.
551 2884 638 2905 cras.
666 2873 703 2905 F
709 2873 718 2892 ¹
842 2878 920 2906 voto
948 2872 985 2905 F
1181 2870 1202 2903 ι’)
1230 2871 1348 2904 iuditio
1377 2871 1406 2904 C
1526 2869 1746 2902 institucione
1769 2868 1798 2900 C
1913 2867 1968 2898 hic
1994 2865 2026 2897 P
2141 2864 2287 2896 maxime
2315 2863 2407 2895 qma

520 2925 539 2943 Π

186 2950 207 2983 6
230 2952 405 2985 iccircoF
493 2955 605 2987 vicitis
622 2954 683 2986 2112
827 2952 846 2986 7
872 2966 957 2997 quas
984 2966 1071 2987 corr.
1100 2966 1139 2987 ea·
1164 2965 1251 2997 quae
1269 2952 1319 2984 Ρ1
1416 2953 1497 2985 dum
1523 2950 1601 2993 (om.
1628 2949 1706 2992 nee)
1733 2950 1850 2982 mitere
1868 2948 1896 2979 (ζ’
1989 2948 2089 2980 suerit
2106 2948 2134 2979 C
2269 2944 2290 2975 8
2316 2957 2401 2977 nevo

1333 3004 1346 3021 r

188 3031 246 3075 (vo
272 3034 309 3066 in
332 3046 403 3066 ras.
429 3033 496 3077 Pl)
535 3035 751 3077 loquacitatis
784 3035 828 3077 (ci
852 3036 888 3068 gn
912 3047 982 3067 ras.
1011 3035 1044 3067 P
1053 3035 1080 3076 ¹)
1108 3034 1141 3066 P
1254 3033 1444 3066 recusantis
1470 3031 1534 3072 1³¹,
1572 3031 1778 3063 recursantis
1811 3029 1856 3070 Τ,
1893 3028 1907 3060 l
1934 3040 2013 3062 recu
2046 3027 2132 3097 add.l
2155 3027 2187 3058 in
2213 3037 2321 3067 marfs.
2356 3024 2401 3055 T2

2134 3080 2142 3096 l

190 3111 211 3145 9
236 3115 351 3147 valeas
372 3114 407 3156 0,
431 3127 494 3148 0⁷²2-
512 3116 594 3148 MF
730 3114 774 3148 10
797 3117 1051 3159 inscriptionem
1075 3127 1144 3147 mio
1168 3126 1267 3147 versu
1291 3126 1362 3146 vac.
1388 3124 1451 3145 om.
1467 3112 1497 3144 L
1591 3112 1733 3144 salutem
1753 3122 1815 3142 om.
1830 3109 1868 3141 F
2005 3106 2043 3139 11
2065 3120 2124 3150 pro
2150 3107 2212 3148 ΙΝ,
2237 3107 2319 3149 proh
2334 3105 2405 3137 llll]

191 3196 366 3238 prophana
391 3196 428 3228 F
590 3195 634 3229 12
657 3198 787 3241 nephas
812 3197 850 3230 F
1010 3196 1053 3229 13
1078 3195 1297 3229 bustualibus
1323 3195 1395 3235 (alt.
1421 3205 1444 3225 u
1469 3205 1557 3225 eras.
1587 3193 1645 3234 C2)
1673 3190 1709 3231 (J,
1732 3191 1939 3224 bustialibus
1971 3190 2002 3221 Τ
2089 3189 2237 3221 sctobem
2264 3186 2291 3228 (t
2316 3198 2403 3219 corr.

188 3276 226 3308 in
250 3287 266 3308 r
290 3276 328 3308 F
335 3275 362 3319 ¹)
390 3276 428 3309 F
588 3275 632 3310 14
656 3278 722 3310 iam
747 3278 887 3321 scripsi,
917 3282 1029 3311 tamen
1056 3275 1268 3309 LMTC'FP
1430 3272 1472 3306 15
1497 3274 1675 3317 planiciem
1702 3272 1775 3304 Mc*
1877 3283 1912 3305 se
1938 3271 1967 3303 L
2073 3270 2204 3303 acervis
2225 3273 2362 3311 praeter
2386 3279 2403 3299 a

1732 3317 1782 3342 ebr

189 3357 226 3389 in
250 3368 321 3428 rasi‘l.
347 3356 399 3389 Ρ1
550 3356 593 3390 16
618 3363 783 3402 tauquam
807 3358 891 3400 LF,
927 3363 997 3392 tam
1022 3358 1100 3402 (om.
1127 3355 1243 3401 quam)
1271 3354 1301 3389 C
1392 3355 1571 3388 funeribus
1600 3355 1638 3395 C,
1680 3354 1822 3387 funibus
1847 3352 1899 3384 F¹
2044 3348 2086 3382 17
2112 3349 2306 3393 sepulcrum
2335 3347 2403 3388 (JF,

192 3439 387 3481 sepulcrum
400 3438 434 3471 P
442 3439 452 3458 ¹
641 3437 685 3471 18
709 3440 752 3471 ad
775 3451 955 3473 arvernam
980 3441 1099 3473 urbem
1124 3439 1161 3471 F
1354 3435 1396 3469 19
1421 3437 1542 3469 abruta
1561 3436 1588 3467 (y
1725 3434 1912 3478 proripiens
1930 3437 2072 3475 practer
2098 3443 2156 3474 pro
2182 3431 2217 3462 in
2245 3441 2315 3461 ras.
2342 3428 2385 3460 JI
2393 3427 2401 3446 ¹

331 3491 348 3509 Ο

195 3517 240 3552 20
265 3519 313 3552 sic
337 3531 398 3562 qq3
423 3520 602 3563 impatiens
613 3525 755 3563 praeter
779 3521 868 3554 tiens
883 3521 920 3553 in
936 3532 1008 3552 ras.
1022 3520 1083 3552 1111
1156 3517 1335 3561 impatiens
1352 3514 1461 3547 MFP
1575 3512 1618 3546 ‘21
1637 3514 1820 3557 cenpescui
1840 3513 1869 3544 C
1980 3510 2024 3543 ‘22
2041 3516 2119 3542 ante
2143 3509 2402 3556 superveni-leq.

2327 3560 2335 3577 1

198 3603 231 3632 et
257 3599 294 3632 θη
318 3597 450 3631 LC'FP
470 3605 501 3632 et
523 3599 560 3632 in
583 3611 654 3632 ras.
679 3600 716 3632 in
731 3599 777 3632 M
782 3600 792 3618 ¹
864 3600 1047 3643 superveni
1073 3597 1127 3639 (su
1151 3598 1187 3630 in
1211 3607 1277 3629 ras.
1303 3595 1378 3635 1111)
1394 3595 1447 3666 Mb
1562 3593 1606 3626 ‘23
1630 3595 1736 3637 possit
1749 3594 1790 3635 L,
1815 3604 1912 3636 pesse
1928 3593 1955 3625 G
2075 3588 2120 3622 24
2144 3591 2228 3622 nihil
2246 3589 2295 3629 M,
2320 3588 2354 3620 nl
2372 3587 2410 3619 F

195 3677 241 3712 25
265 3679 471 3712 clemencius
497 3681 753 3714 vindicarentur
777 3679 882 3722 (post.
908 3692 929 3712 11
955 3679 1091 3711 induxit
1118 3678 1177 3719 6¹¹)
1206 3677 1229 3710 C
1367 3674 1412 3707 26
1438 3676 1589 3708 ordinem
1616 3673 1626 3712 (
1638 3674 1653 3708 ὅ·
1677 3685 1764 3706 eras.
1785 3673 1846 3715 62)
1864 3672 1893 3704 C
2026 3671 2071 3702 28
2096 3670 2323 3712 pronuncians
2338 3668 2409 3700 MC

197 3760 323 3792 maiore
348 3759 394 3802 (ai
418 3771 506 3793 eras.
528 3758 591 3801 C'1)
608 3759 638 3794 C'
774 3757 819 3792 ‘29
844 3760 952 3792 videri
975 3764 1111 3802 praeter
1137 3759 1171 3790 vi
1196 3759 1264 3800 def.
1292 3758 1325 3789 e'oz
1358 3756 1390 3787 T

2428 461 2449 487 ·)

2441 1693 2462 1730 N«
