2583 4011
1017 197 1151 231 maizu
1184 197 1224 235 v,
1251 200 1271 231 :3
1291 200 1344 239 ‚sa
1372 219 1412 222 -
1441 201 1544 241 1232.
2326 207 2370 244 si

174 317 249 353 tua
280 312 539 367 euphoniam
571 312 713 365 gentis
745 312 930 361 alienae.
962 316 1009 352 ut
1040 312 1166 353 modo
1201 313 1300 352 mihi
1337 318 1428 367 post
1462 315 1620 354 ferulas
1655 315 1849 354 lectionis
1885 316 2161 358 Maroniana(¹
2196 326 2378 373 postqiu¹

172 380 424 422 desudatam
464 380 643 422 varicosi
681 379 905 435 Arpinatis
951 381 1216 436 opulentiam
1264 382 1657 436 loquare-itatemque
1699 385 1820 437 quasi
1863 384 1914 424 dv
1957 385 1981 426 ·;·
2025 387 2186 427 harilao
2233 395 2377 428 veti-ro

174 463 308 490 novus
348 449 459 490 falco
498 454 777 504 prorumpas?
825 450 1043 490 aestimari
1092 450 1264 490 minime
1309 455 1470 504 potest.
1516 456 1675 504 quanto
1723 452 1821 491 mihi
1872 455 2114 508 von-risque
2163 457 2215 495 sit
2264 457 2377 498 risui.
2423 461 2447 495 :3

174 518 371 573 quotiens
403 518 543 571 audio,
575 518 687 572 quod
721 522 762 558 te
796 523 1026 573 praesente
1060 517 1263 559 formidet
1296 519 1466 572 linguae
1497 533 1598 559 suae
1632 520 1775 560 facere
1811 520 2018 561 barbarus
2053 523 2378 566 barbarismum.

118 596 132 618 ⁵
171 586 376 643 adstupet
414 587 491 629 tibi
531 587 738 643 epistulas
784 587 1086 642 interpretanti
1130 601 1261 628 curva
1303 587 1615 628 Germanorum
1660 596 1861 629 senectus
1905 596 1945 630 et
1993 592 2172 643 negotiis
2223 595 2377 633 mutuis·

103 942 135 966 10

101 1628 132 1652 15

100 2321 132 2346 25

172 655 381 697 arbitrum
415 660 457 698 te
490 655 912 712 disceptatoremque
953 656 1152 699 desumit.
1227 671 1361 698 novus
1396 657 1752 712 Burgundionum
1787 660 1916 699 Solon
1958 661 1996 700 in
2040 661 2206 713 legibus·
2245 662 2377 703 disse-

174 724 343 773 rendis.
386 739 521 766 novus
552 725 772 781 Amphion
804 726 846 767 in
880 726 1070 768 citharis.
1105 726 1178 767 sed
1213 725 1526 771 trichordibus.
1562 727 1856 782 temperandis
1890 729 2045 768 amaris
2078 730 2376 783 frequentaris.

173 795 394 850 expeteris
425 794 633 845 oblectari,
666 795 839 850 eligeris
872 795 1105 840 adhiberis.
1137 796 1334 837 decernis
1369 795 1540 837 audiris.
1604 805 1647 837 ct
1670 809 1928 850 quamquam
1963 811 2100 851 aeque
2135 799 2380 853 corporibus

175 877 226 905 ac
260 878 390 906 sensu
421 863 550 919 rigidi
583 864 670 905 sint
709 864 1065 921 indolatilesque.
1110 866 1430 921 amplectuntur
1474 867 1513 906 in
1558 871 1598 906 te
1643 866 1802 921 pariter
1845 870 1885 905 ct
1930 865 2102 906 discunt
2142 882 2379 908 sermonem

173 933 379 989 patrium,
420 947 494 975 cor
524 933 743 976 Latinum.
807 938 941 975 restat
972 934 1052 975 hoc
1085 949 1238 981 uuum.
1283 934 1345 975 vir
1377 935 1658 979 facetissime.
1698 939 1745 975 ut
1788 934 1918 975 nihilo
1950 936 2142 989 segnius.
2185 936 2252 976 vel
2286 950 2379 976 (mm
2436 941 2447 977 l

173 1003 367 1053 vacabit,
414 1002 576 1058 aliquid
617 1002 791 1044 lectioni
834 1018 992 1059 operae
1032 1003 1256 1059 impendas
1290 1002 1593 1058 custodiasque
1628 1004 1729 1045 hoc.
1779 1008 1903 1058 prout
1937 1020 1983 1044 es
2019 1004 2380 1057 elegantissimus.

171 1075 579 1128 temperamentum,
611 1076 656 1113 ut
678 1072 762 1114 ista
785 1072 863 1114 tibi
884 1072 1033 1128 lingua
1053 1076 1268 1120 teneatur.
1293 1087 1346 1114 ne
1369 1072 1562 1115 ridearis.
1595 1073 1671 1114 illa
1693 1077 1967 1115 exerceatur.
2002 1078 2047 1113 ut
2073 1073 2223 1114 rideas.
2273 1074 2381 1114 vale.

1246 1323 1322 1366 VI.

694 1439 977 1483 SIDONIUS
1011 1439 1383 1482 APOLLINARI
1419 1440 1532 1482 SUO
1567 1439 1865 1481 SALUTEM.

315 1527 421 1591 CUM
453 1551 637 1605 primum
671 1555 815 1592 aestas
848 1550 1036 1592 decessit
1076 1554 1285 1591 autumno
1320 1554 1363 1592 et
1396 1549 1692 1590 Arvernorum
1737 1549 1862 1590 timor
1902 1549 2041 1604 potuit
2073 1549 2385 1604 aliquantisper
2434 1551 2446 1588 l

171 1619 336 1660 ratione
369 1619 574 1674 temporis
607 1620 863 1675 temperari,
896 1619 1114 1661 Viennam
1148 1620 1265 1671 veni.
1311 1619 1383 1660 ubi
1415 1618 1756 1663 Thaumastum,
1790 1632 2043 1673 germanum
2077 1622 2216 1667 tuum.
2257 1631 2382 1672 quem

170 1701 246 1743 pro
288 1687 380 1729 iure
423 1688 491 1729 vel
536 1689 759 1744 sanguinis
800 1690 871 1731 vel
916 1690 1071 1732 aetatis
1111 1688 1352 1731 reverenda
1389 1689 1684 1730 familiaritate
1728 1688 2006 1743 complector.
2056 1687 2382 1728 maestissimum

168 1756 328 1800 inveni.
389 1757 463 1812 qui
495 1771 757 1814 quamquam
789 1759 954 1801 recenti
992 1758 1207 1800 caelibatu
1249 1757 1471 1814 granditer
1512 1757 1806 1808 afficiebatur,
1852 1771 1927 1813 pro
1967 1761 2007 1798 te
2048 1760 2192 1797 tamen
2233 1769 2383 1811 parum

169 1825 310 1867 minus
343 1826 498 1868 anxius
530 1831 647 1870 erat:
692 1828 876 1870 timebat
916 1828 1031 1870 enim
1074 1827 1417 1884 verebaturque,
1461 1842 1514 1869 ne
1548 1841 1675 1882 quam
1715 1825 1792 1867 tibi
1834 1826 2096 1868 calumniam
2127 1825 2254 1866 turbo
2286 1824 2383 1866 bar-

169 1895 340 1937 baricus
371 1900 446 1938 aut
477 1896 675 1939 militaris
707 1899 986 1940 concinnaret
1018 1898 1285 1953 improbitas.
1349 1912 1535 1953 namque
1569 1897 1792 1938 confirmat
1825 1896 2029 1951 magistro
2057 1895 2239 1936 militum
2265 1892 2382 1935 Chil-

168 1964 335 2022 perico,
378 1965 736 2010 victoriosissimo
769 1969 880 2019 viro⁷
923 1968 1063 2009 relatu
1096 1971 1311 2008 venenato
1346 1967 1650 2023 quorumpiam
1695 1967 2006 2009 sceleratorum
2039 1964 2174 2006 fuisse
2217 1968 2384 2005 secreto

169 2033 488 2077 insusurratum
532 2040 605 2078 tuo
646 2037 880 2093 praecipue
925 2036 1175 2078 machinatu
1221 2036 1425 2092 oppidum
1465 2035 1741 2077 Vasionense
1789 2035 1985 2091 partibus
2034 2034 2134 2075 novi
2182 2033 2385 2089 principis

171 2104 393 2160 applicari.
457 2105 491 2146 si
523 2106 624 2161 quid
657 2107 757 2148 hinc
790 2107 867 2148 tibi
899 2107 1071 2162 tuisque
1106 2106 1366 2162 suspicionis
1400 2106 1628 2151 incutitur.
1662 2106 1818 2161 raptim
1848 2105 1953 2146 doce
1989 2117 2164 2145 recursu
2197 2102 2384 2143 familia-

171 2173 281 2214 rium
328 2173 606 2229 paginarum,
654 2190 708 2217 ne
758 2175 879 2218 vobis
930 2175 1231 2218 sollicitudinis
1276 2179 1351 2216 aut
1392 2175 1666 2230 praesentiae
1707 2188 1829 2216 meac
1871 2173 2172 2230 opportunitas
2219 2176 2381 2227 pereat.

170 2255 299 2284 curae
333 2242 437 2284 mihi
478 2244 760 2299 peculiariter
800 2245 902 2291 erit.
946 2246 980 2286 si
1026 2245 1127 2301 quid
1167 2249 1312 2286 tamen
1355 2244 1595 2286 cavendum
1640 2243 1932 2295 existimabis,
1976 2247 2023 2284 ut
2064 2246 2104 2283 te
2144 2240 2274 2282 faciat
2312 2244 2384 2281 aut

169 2312 311 2367 gratia
341 2312 575 2369 impetrata
608 2328 808 2357 securum
841 2319 916 2356 aut
948 2315 1176 2370 explorata
1209 2313 1434 2356 iracundia
1466 2313 1718 2355 cautiorem.
1783 2312 1894 2354 vale.

2430 1896 2452 1934 ¹0

311 2521 328 2555 1
355 2523 468 2566 gentis
492 2523 627 2556 alienae
651 2523 878 2566 euphroniam
909 2522 1013 2564 (corr.
1039 2522 1076 2554 in
1100 2522 1328 2575 euphooniam
1354 2522 1417 2564 T1)
1443 2522 1474 2554 T
1563 2522 1664 2554 miehi
1692 2523 1720 2554 (J
1810 2522 1972 2554 lectiones
1998 2518 2031 2561 (e
2057 2531 2144 2551 corr.
2170 2519 2205 2551 in
2230 2518 2326 2559 iL1)
2346 2517 2386 2552 J..

170 2602 331 2636 leccionis
351 2603 379 2636 C
485 2609 566 2646 post
590 2605 788 2638 maroniano
819 2604 869 2645 (ui
903 2603 939 2636 ἱη
968 2615 1038 2635 ras.
1057 2602 1124 2644 P1)
1159 2606 1179 2635 5
1206 2603 1266 2635 litt.
1291 2613 1380 2635 eras.
1407 2601 1460 2634 Ρ1
1627 2601 1648 2634 2
1674 2602 1872 2634 desudatam
1902 2606 2040 2643 praeter
2066 2604 2132 2631 tam
2166 2599 2201 2630 ιή
2226 2609 2294 2630 ras.
2324 2597 2363 2628 M
2374 2597 2381 2615 ¹

170 2683 302 2716 varicos
327 2682 398 2725 (cos
421 2684 458 2717 in
482 2696 553 2717 rae.
578 2683 647 2727 P1)
673 2684 708 2717 P
797 2684 984 2727 harpinatis
1009 2683 1041 2716 L
1135 2684 1262 2716 harilao
1290 2683 1370 2724 LT,
1396 2682 1409 2715 1
1435 2683 1555 2715 hilario
1579 2696 1605 2715 s.
1632 2684 1654 2715 l.
1681 2682 1761 2715 add.
1797 2682 1828 2713 T
1832 2683 1844 2701 ²
1852 2707 1861 2723 ‚
1886 2682 2005 2713 hilario
2031 2677 2171 2712 MCFJ’
2274 2684 2387 2711 vetere

171 2763 207 2796 in
230 2775 301 2796 ras.
319 2763 369 2796 P¹
487 2763 510 2797 3
535 2765 622 2798 falco
648 2763 805 2808 (praeter
830 2767 845 2797 f
866 2765 903 2797 in
927 2776 997 2797 ras.
1024 2763 1064 2796 Μ
1074 2763 1102 2806 ²)
1117 2763 1201 2805 MF,
1225 2775 1299 2796 var.
1325 2764 1396 2796 lect.
1422 2775 1444 2795 a
1469 2763 1529 2795 ΙΙΙ1
1557 2775 1582 2795 s.
1604 2764 1626 2795 ἰ.
1647 2763 1754 2795 (ιώιίἰῂ
1780 2774 1868 2795 era-s.
1887 2762 1963 2802 ill‘l,
1989 2761 2098 2793 salcho
2122 2759 2189 2800 ΤΡ,
2215 2759 2331 2791 sacello
2347 2758 2388 2799 L,

173 2845 277 2877 flacco
304 2845 334 2878 C
353 2851 384 2878 et
408 2846 444 2878 in
467 2857 575 2888 mar-q.
602 2846 634 2878 T
638 2847 651 2865 ²
745 2846 844 2888 quasi
869 2846 911 2879 de
924 2846 1066 2889 Syagrio
1096 2849 1211 2877 vetere
1236 2855 1347 2877 novus
1372 2845 1502 2876 Franco
1528 2854 1726 2887 prorumpas
1755 2843 1888 2876 (salvius
1914 2854 1954 2874 ea:
1980 2854 2037 2873 ms.
2071 2840 2389 2873 (j'laromontsmemi

173 2930 300 2967 quanto
326 2925 358 2966 (o
382 2926 419 2958 in
443 2938 512 2959 ras.
540 2926 573 2958 P
582 2926 607 2969 ¹)
634 2926 667 2958 P
735 2926 837 2959 miehi
866 2924 896 2959 C
1032 2924 1053 2958 4
1079 2925 1212 2968 quoties
1237 2923 1321 2965 LM,
1347 2924 1510 2966 quociens
1530 2929 1671 2966 praeter
1696 2935 1763 2966 quo
1789 2923 1825 2954 in
1850 2934 1918 2954 ras.
1938 2921 1986 2954 1⁷¹
2061 2921 2151 2963 quod
2177 2921 2212 2952 in
2239 2932 2306 2951 ras.
2335 2919 2382 2951 Ρ1

173 3003 195 3036 5
219 3010 356 3048 astupet
379 3006 533 3048 MCFP,
557 3012 709 3051 asstupet
740 3007 773 3039 T
860 3007 1012 3049 negociis
1040 3006 1069 3038 (J
1204 3005 1225 3037 6
1251 2976 1399 3037 arbitiim
1425 3003 1479 3036 F²
1574 2970 1866 3047 dis-cepioremque
1893 3002 1932 3034 Μ
1941 3003 1949 3021 ¹
2094 3000 2112 3033 7
2138 3001 2285 3043 anphion
2315 2999 2387 3037 LI',

173 3085 346 3129 amphyon
370 3085 407 3129 (y
432 3098 521 3119 corr.
547 3098 588 3120 ea:
612 3088 623 3120 i
646 3087 722 3128 111¹)
741 3088 784 3120 M
873 3087 1023 3130 cytharis
1041 3085 1120 3118 MF
1210 3085 1413 3118 tricordibus
1428 3085 1468 3116 M
1476 3085 1507 3116 T
1506 3084 1600 3117 C'FP
1737 3084 1759 3116 8
1783 3084 1929 3116 adiberis
1949 3084 1978 3115 C
2053 3093 2261 3130 ⁴quanquam
2282 3080 2392 3112 JJMF

176 3165 198 3198 9
222 3167 482 3210 indolatilesque
508 3167 605 3210 (olati
628 3168 665 3200 in
689 3181 758 3201 ras.
777 3168 845 3209 P¹)
861 3167 901 3209 P,
925 3167 1117 3200 indolatiles
1143 3178 1245 3209 quam
1262 3165 1297 3207 C,
1322 3164 1342 3196 3
1369 3166 1561 3199 indolatiles
1580 3166 1612 3197 T
1726 3163 1769 3196 10
1794 3165 1919 3197 nichilo
1934 3164 2013 3203 MC,
2038 3135 2094 3195 iilo
2110 3162 2145 3194 F
2210 3161 2340 3203 signius
2357 3159 2385 3191 L

178 3245 217 3279 11
244 3248 387 3280 leccioni
414 3246 444 3279 0
533 3259 654 3291 operae
679 3246 817 3290 scripsi,
850 3248 962 3290 operis
987 3247 1062 3280 LM
1070 3247 1101 3279 T
1100 3247 1194 3280 CFP
1285 3251 1323 3278 ut
1355 3245 1433 3286 (om.
1458 3246 1533 3289 pro)
1567 3246 1599 3277 T
1677 3228 1730 3279 ᾗ
1750 3245 2004 3289 legant-issimus
2030 3242 2061 3274 L
2204 3239 2244 3272 12
2270 3241 2386 3282 lingua

174 3328 237 3361 tibi
269 3327 301 3359 T
364 3328 480 3360 valeas
508 3328 544 3369 0,
569 3340 633 3361 om.
648 3328 686 3361 F
827 3326 870 3360 13
896 3327 969 3372 ‘syd
987 3328 1025 3361 F
1045 3372 1064 3377 -
1090 3327 1234 3375 salutem
1260 3339 1324 3360 om.
1340 3326 1378 3359 F
1503 3325 1545 3359 14
1570 3332 1759 3369 autumpno
1785 3326 1822 3358 F
1948 3323 1990 3357 15
2015 3328 2112 3356 tuum
2137 3332 2337 3365 germanum
2356 3319 2392 3352 F

178 3405 220 3438 16
244 3408 299 3440 vel
323 3408 444 3441 aetatis
468 3409 522 3441 vel
548 3409 727 3452 sanguinis
745 3408 783 3441 F
871 3380 1062 3443 mestissiui1
1080 3377 1141 3451 (mu
1154 3408 1190 3440 in
1207 3406 1293 3446 ras.)
1311 3406 1371 3439 M¹
1501 3403 1541 3437 17
1567 3417 1765 3449 quanquam
1783 3405 1896 3438 LMF
2018 3402 2059 3436 18
2084 3402 2312 3444 calumpniam
2329 3399 2393 3432 CF

176 3493 206 3520 el
228 3494 337 3530 prael.
362 3489 454 3521 niam
478 3489 515 3522 in
539 3501 609 3522 ras.
628 3489 673 3521 ΛΠ
680 3489 691 3508 ¹
836 3488 877 3522 19
902 3501 1037 3533 nanque
1054 3489 1099 3522 M
1188 3488 1371 3531 chilperico
1396 3486 1430 3529 (e
1455 3499 1544 3520 corr.
1563 3498 1603 3520 ea:
1619 3487 1630 3518 i
1649 3486 1724 3526 il1)
1744 3485 1794 3527 ill,
1818 3486 1981 3528 hilperico
2001 3484 2032 3516 L
2217 3480 2262 3513 20
2289 3492 2387 3513 vene-

177 3572 256 3600 nato
280 3568 390 3601 relatu
422 3568 455 3599 T
564 3575 732 3603 venenato
764 3569 796 3611 (o
822 3570 857 3602 in
881 3582 952 3602 ras.
979 3573 1000 3603 6
1026 3570 1086 3603 litt.
1113 3569 1157 3602 ΛΠ
1164 3568 1190 3611 ¹)
1218 3568 1262 3600 M
1420 3566 1462 3599 21
1492 3568 1671 3610 praecipue
1705 3566 1807 3610 (post.
1835 3579 1853 3599 e
1878 3578 1966 3598 corr.
1991 3576 2031 3598 ea>
2056 3576 2075 3597 ο
2100 3563 2175 3603 1112)
2202 3562 2256 3599 Μ,
2294 3573 2385 3604 prae-

176 3648 278 3691 cipuo
303 3647 369 3679 TF
457 3649 654 3682 machinatu
680 3649 719 3692 (n
742 3651 779 3683 in
803 3662 874 3683 ras.
900 3650 944 3682 M
949 3648 978 3691 ²)
995 3649 1039 3681 M
1129 3649 1350 3682 vassiouense
1364 3647 1502 3681 MCFP
1639 3646 1684 3679 22
1709 3647 1907 3691 suspitionis
1922 3644 1993 3677 LT
1990 3644 2027 3676 F
2105 3643 2308 3675 familiarum
2323 3641 2389 3672 LP

176 3725 222 3758 23
247 3727 460 3769 oportunitas
484 3725 694 3761 LMTGFP
829 3727 874 3761 24
900 3702 969 3763 eux?
986 3729 1042 3762 F2
1182 3729 1284 3761 michi
1312 3726 1342 3761 C'
1431 3726 1665 3759 exhistimabis
1691 3727 1722 3758 L

317 3806 486 3842 summus.
2076 3799 2115 3832 11
