2583 4011
67 1099 568 1220 FAUSTI
628 1124 1566 1240 ALIORUMQUE
1637 1123 2409 1219 EPISTULAE

333 1287 534 1380 AD
609 1285 1337 1383 RURICIUM
1400 1285 2144 1401 ALIOSQUE.

1223 1651 1257 1694 l.

137 1755 374 1797 DOMINO
407 1754 668 1796 PIISSIMO
702 1754 778 1795 ET
813 1754 872 1795 IN
907 1754 1167 1796 CHRISTO
1203 1754 1413 1795 SlfMMo
1447 1754 1581 1795 Mllll
1613 1753 1859 1795 11‹›N‹›1{sl‹]
1893 1752 2342 1794 slNGUliAltl'rllli

68 2211 99 2235 10

661 1823 1028 1866 EXCOLENDO
1062 1824 1310 1866 RURICJO
1348 1824 1509 1865 FILIO
1543 1823 1828 1865 FAL'STUS.

275 1905 416 1964 Licss'r
449 1937 527 1978 per
558 1936 872 1977 quamcumque
906 1935 1134 1977 personam
1170 1920 1405 1962 iucundum
1439 1921 1543 1961 mihi
1567 1921 1622 1961 sit
1646 1935 1741 1961 cum
1766 1920 1984 1961 individuo
2007 1924 2181 1975 pectore
2207 1920 2341 1974 ipsius

139 1993 332 2034 caritatis
355 1992 534 2033 vocibus
568 1992 753 2046 colloqui
776 1997 818 2033 et
841 1990 993 2033 sedula
1015 2004 1091 2031 vos
1114 1990 1352 2031 officiorum
1382 1990 1617 2031 ambitione
1652 1990 1893 2045 complecti,
1929 1989 2003 2030 scd
2036 2004 2146 2030 nunc
2182 1996 2341 2044 quanto

136 2063 420 2118 opportunius
454 2066 574 2102 tanto
610 2061 775 2102 avidius
807 2063 964 2117 pignus
1000 2062 1130 2102 animi
1154 2062 1285 2102 vestri
1318 2062 1558 2102 ministerio
1593 2061 1818 2103 domestici
1853 2062 2074 2116 portitoris
2108 2062 2337 2117 assumpsi,

136 2132 179 2173 in
226 2132 346 2173 cuius
392 2131 545 2173 merito
590 2132 730 2172 minus
780 2132 1017 2187 assignavit
1064 2132 1216 2172 relatio
1265 2145 1393 2186 quam
1439 2131 1637 2186 probavit
1686 2132 1864 2185 agnitio.
1935 2139 1975 2171 ct
2019 2136 2248 2186 propterca
2291 2130 2343 2171 ad

139 2201 326 2242 fructum
360 2206 552 2243 vestrum
587 2201 773 2242 crevisse
806 2202 1049 2255 gratulatus
1085 2215 1197 2245 sum,
1238 2200 1351 2255 quod
1385 2199 1426 2240 in
1460 2214 1510 2241 eo
1545 2200 1633 2240 vita
1666 2201 1815 2240 melior
1847 2199 2142 2241 condicionem
2176 2201 2341 2255 primae

139 2271 376 2312 nativitatis
418 2271 607 2312 abolevit
647 2274 776 2325 atque
816 2271 858 2311 in
900 2286 949 2311 eo
992 2284 1178 2312 naevum
1212 2264 1387 2324 generis
1421 2270 1705 2310 manumissio
1739 2270 1958 2324 religionis
1992 2270 2196 2310 abstersit
2229 2275 2270 2310 et
2304 2270 2344 2309 in

2372 1641 2412 1683 (ι’

2390 2132 2412 2170 Ιὺ

138 2340 414 2396 adoptionem
437 2339 598 2381 Christi
630 2354 859 2395 personam
893 2340 1097 2395 mancipii
1125 2339 1209 2381 fide
1235 2339 1524 2394 emancipavit
1548 2344 1590 2380 et
1613 2339 1899 2394 transcripsit.
1962 2339 2174 2394 quomodo
2199 2343 2343 2379 autem
2391 2342 2413 2376 :3

138 2409 251 2466 apud
285 2411 376 2451 eius
410 2410 477 2451 vel
510 2409 624 2465 apud
656 2410 922 2465 reliquorum
954 2410 1136 2450 fratrum
1170 2410 1356 2450 lacteam
1391 2409 1681 2449 sinceritatem
1727 2422 1858 2463 agere
1902 2407 2177 2450 deberemus.
2221 2408 2341 2448 latis-

139 2480 290 2521 simam
329 2480 514 2536 apostoli
559 2478 923 2534 dispensationem
964 2479 1167 2535 expedito
1207 2479 1452 2533 digessistis
1491 2478 1702 2533 alloquio.
1752 2484 1795 2519 et
1833 2492 1929 2519 cum
1974 2492 2048 2519 eos
2094 2478 2343 2519 doctissima

88 2567 99 2581 ³
140 2550 302 2605 pagina
331 2549 472 2590 minus
505 2548 654 2590 doctos
689 2550 861 2600 asserit,
905 2563 982 2590 nos
1027 2554 1173 2590 tamen
1211 2549 1254 2589 in
1287 2562 1435 2589 eorum
1471 2547 1710 2589 defaecatis
1745 2547 1933 2588 moribus
1965 2547 2164 2588 admirati
2197 2561 2342 2588 sumus

138 2632 214 2674 per
247 2618 406 2660 donum
448 2618 799 2659 mansuetudinis
843 2624 886 2660 et
926 2618 1182 2659 humilitatis
1220 2617 1536 2673 plenitudinem
1576 2617 1793 2658 lectionis:
1842 2617 1972 2657 vincit
2012 2618 2125 2658 enim
2166 2617 2345 2671 largitas

139 2688 306 2743 gratiae
338 2688 537 2730 instituta
569 2687 805 2730 doctrinae.
869 2703 968 2729 nam
1003 2688 1080 2729 etsi
1116 2687 1194 2728 sub
1229 2687 1388 2742 exiguo
1421 2692 1616 2742 tempore
1650 2688 1762 2727 intra
1802 2700 1951 2728 eorum
1988 2686 2132 2727 lucida
2170 2691 2347 2741 pectora

140 2763 183 2798 et
222 2758 449 2812 perspicua
487 2758 729 2812 penetralia
768 2757 1008 2798 introduxit
1050 2771 1096 2797 se
1136 2771 1290 2798 sensus
1324 2755 1507 2797 candida
1540 2756 1706 2811 puritas
1741 2761 1782 2797 et
1814 2757 2042 2811 praeclara
2075 2756 2344 2811 simplicitas

139 2840 216 2882 per
248 2840 375 2882 quam
409 2826 576 2867 divinae
617 2827 813 2882 imaginis
856 2827 1079 2882 speculum
1123 2826 1166 2866 in
1205 2826 1421 2867 interioris
1465 2825 1647 2866 hominis
1688 2826 1826 2867 nitore
1866 2826 2095 2881 perfulget.
2159 2825 2343 2873 divinae,

143 2896 337 2950 inquam„
370 2896 591 2950 imaginis:
629 2896 688 2936 ita
723 2896 836 2937 enim
869 2895 921 2937 de
955 2895 1128 2936 domino
1161 2895 1366 2949 legimus:
1416 2909 1567 2949 purus,
1609 2895 1813 2950 simplex,
1858 2895 2041 2936 subtilis.
2105 2894 2181 2936 sed
2214 2894 2346 2935 multo

141 2966 257 3007 aliud
290 2966 452 3007 indicat
483 2966 624 3007 divina
660 2966 734 3006 illa
767 2965 1041 3020 simplicitas:
1077 2964 1289 3020 siquidem
1321 2966 1364 3006 in
1397 2965 1520 3006 nobis
1554 2965 1717 3019 duplex
1748 2965 1862 3006 inest
1894 2965 1934 3005 in
1969 2965 2120 3020 spiritu
2150 2969 2192 3005 et
2217 2977 2345 3004 carne

142 3036 405 3081 substantia.
445 3050 523 3077 nos
556 3034 670 3090 quod
702 3035 914 3076 habemus
948 3035 1214 3090 accepimus.
1248 3034 1371 3076 nobis
1405 3034 1577 3075 diversa
1610 3035 1815 3074 virtutum
1850 3034 2109 3075 charismata
2142 3033 2345 3073 adiuncta

141 3110 252 3158 sunt,
285 3119 371 3146 non
404 3106 564 3146 innata.
627 3105 718 3146 sine
751 3104 880 3145 dubio
913 3104 1143 3159 apponitur
1177 3103 1288 3158 quod
1322 3104 1483 3144 auferri
1507 3108 1668 3159 potest:
1701 3107 1748 3143 ut
1779 3103 1879 3144 boni
1902 3103 2049 3153 simus,
2083 3102 2135 3143 de
2161 3103 2346 3143 auctoris

142 3189 287 3216 sumus
319 3174 515 3216 bonitate
550 3174 746 3216 mutuati.
808 3187 864 3214 ex
896 3173 969 3214 illo
1003 3172 1176 3227 quidem
1209 3173 1411 3216 vivimus:
1446 3173 1522 3214 sed
1554 3173 1661 3224 vita,
1697 3173 1807 3213 sicut
1840 3173 1913 3214 ille
1947 3177 2034 3224 est,
2069 3186 2151 3213 non
2185 3186 2346 3214 sumus.

73 3254 88 3279 2
144 3245 246 3286 iusti
284 3259 381 3286 esse
414 3258 665 3300 possumus,
708 3243 873 3284 iustitia
907 3255 1003 3283 esse
1036 3255 1122 3282 non
1154 3256 1398 3297 possumus.
1461 3243 1534 3284 ille
1568 3241 1665 3283 ideo
1701 3242 1909 3296 simplex,
1950 3242 2051 3296 quia
2082 3241 2186 3281 nihil
2220 3241 2258 3282 ei
2292 3256 2347 3282 cx

143 3313 369 3356 accedenti
399 3314 598 3368 largitate
631 3313 835 3354 collatum
869 3316 949 3353 est.
1011 3312 1082 3366 qui
1115 3325 1171 3352 ex
1203 3325 1249 3351 sc
1283 3312 1498 3359 subsistit,
1541 3311 1715 3353 aliunde
1749 3311 1854 3352 nihil
1899 3311 2094 3366 sumpsit.
2157 3309 2263 3351 deus
2298 3316 2340 3351 et

142 3384 292 3425 vivens
324 3383 485 3439 pariter
517 3388 560 3424 et
582 3383 684 3434 vita,
716 3382 855 3424 bonus
889 3385 933 3423 et
964 3380 1149 3431 bonitas,
1183 3380 1427 3421 misericors
1461 3386 1504 3422 et
1526 3380 1843 3422 misericordia:
1876 3380 1919 3420 in
1943 3379 2147 3420 virtutum
2173 3393 2345 3419 suarum

144 3453 283 3508 gloria
313 3453 396 3494 hoe
427 3456 494 3494 est
523 3453 617 3508 ipse
650 3452 765 3508 quod
795 3451 1004 3508 possidet.
1058 3451 1189 3492 verbo
1222 3455 1349 3492 tenus
1382 3451 1510 3492 homo
1545 3451 1780 3494 deauratus
1817 3456 1897 3492 est.
1932 3450 2039 3491 deus
2073 3463 2225 3490 aurum
2258 3454 2344 3490 est:

279 3637 301 3671 3
326 3636 353 3681 Ι]
380 3650 442 3671 om.
464 3638 494 3670 G
620 3637 641 3670 b'
666 3636 723 3681 sit]
749 3644 801 3670 est
815 3637 1004 3670 Mommsen
1082 3643 1198 3679 peetor
1219 3637 1248 3668 G
1376 3636 1415 3669 11
1444 3648 1546 3670 neum
1568 3637 1598 3669 G
1722 3634 1763 3668 12
1789 3636 2013 3678 einancipiant
2034 3635 2064 3667 G
2189 3632 2230 3665 13
2254 3634 2346 3676 apud

145 3694 231 3739 eius]
257 3697 300 3729 ab
325 3697 398 3729 eius
419 3695 448 3728 G
611 3694 655 3728 15
679 3693 809 3738 doctos]
834 3695 966 3737 scripsi,
995 3695 1114 3727 doctus
1136 3694 1165 3726 G
1328 3692 1372 3725 18
1397 3705 1432 3727 se
1457 3692 1590 3736 sensus]
1617 3694 1749 3736 scripsi,
1780 3704 1895 3725 sensos
1917 3694 1946 3724 G
2107 3689 2150 3722 19
2173 3691 2348 3724 interiores

146 3754 298 3787 homines
319 3753 349 3786 G
472 3752 518 3785 ⁴20
542 3753 606 3786 sita
626 3754 656 3786 G
797 3750 842 3784 24
866 3753 986 3785 mutati
1014 3752 1044 3784 G
1137 3750 1216 3793 non]
1243 3762 1304 3784 nos
1333 3751 1362 3784 G

283 3832 450 3868 Smomus.
2028 3826 2074 3860 34

2392 3105 2414 3139 (ἆ
