2583 4011
234 185 313 224 294
910 175 1076 213 izu‘s'ri
1107 171 1422 217 ALIORUMQUE
1452 170 1722 210 icrts'rrmrz

125 302 165 343 (γ’
239 299 420 351 quinque
444 295 721 335 humanorum
745 308 944 336 sensuum
967 294 1103 335 officia
1135 292 1384 333 describens
1416 292 1476 332 ita
1506 290 1624 331 dicit:
1660 290 1794 331 oculi
1827 289 2017 331 domini
2050 303 2202 346 super
2232 290 2402 333 iustos

233 375 280 405 et
312 379 462 405 aures
496 363 696 404 eiusad
729 378 913 419 preces
947 377 1135 404 eorum:
1179 362 1424 403 etiterum:
1465 374 1518 399 os
1550 359 1749 400 domini
1781 359 2007 399 locutum
2048 365 2146 407 est;
2188 361 2305 400 item:
2351 366 2402 402 et

233 433 488 473 odoratus
523 438 605 472 est
637 431 835 472 odorem
869 432 1170 472 suavitatis:
1203 436 1263 471 et:
1297 443 1476 470 manus
1510 442 1619 469 mea
1648 427 1775 468 fecit
1806 427 1936 468 haec
1966 428 2150 468 omnia.
2204 429 2401 469 caelum

230 501 358 540 mihi
402 500 616 540 thronus
658 506 756 541 est.
799 506 938 541 terra
979 504 1146 541 autem
1189 498 1478 539 scabellum
1510 495 1690 551 pedum
1723 509 1976 538 meorum:
2018 496 2215 538 cordibus
2246 499 2401 539 nostris

165 568 486 608 2lefticientias
533 569 719 608 insinuat
763 583 901 608 rernm
949 569 1027 608 sub
1074 566 1383 621 significatione
1428 564 1730 606 membrorum.
1791 563 1903 604 unde
1946 578 2021 619 pro
2061 564 2268 605 ineffabili
2311 566 2402 606 eius

231 637 340 676 circa
374 636 602 676 humanum
635 650 770 691 genus
802 636 1069 691 dignatione,
1112 649 1218 689 quae
1251 648 1398 675 servos
1431 633 1590 673 amicos
1623 646 1671 672 ac
1702 632 1810 673 filios
1850 630 2099 687 [nominare]
2143 634 2401 688 compellare

164 706 313 744 22non
346 704 541 759 despicit,
575 713 620 744 ut
652 705 778 744 homo
812 719 907 745 cum
939 704 1089 745 eodem
1122 704 1307 743 vicissim
1341 703 1525 742 humano
1557 714 1629 741 ore
1662 706 1704 741 et
1736 715 1852 742 more
1886 701 2153 755 colloquitur.
2215 706 2403 743 ceterum

231 773 297 814 dei
344 775 405 814 ira
447 774 605 814 iustitia
651 779 733 814 est.
781 773 849 813 dei
896 773 1012 813 furor
1053 771 1292 813 severitatis
1333 770 1455 824 vigor
1500 773 1583 820 est,
1633 768 1701 809 dei
1745 769 1910 809 iurasse
1957 768 2159 810 definisse
2206 773 2288 821 est,
2335 769 2403 811 dei

230 843 491 896 paenituisse
525 842 737 883 sententia
769 847 912 881 tamen
945 854 1074 895 saepe
1108 843 1289 880 mutata:
1332 843 1375 879 et.
1416 852 1511 878 cum
1548 851 1592 877 se
1632 841 1920 892 persequente
1957 837 2099 891 aliquo
2138 836 2251 878 laedi
2286 837 2402 890 dicit,

166 911 393 951 '223vrimen
426 910 635 951 laedentis
668 909 863 950 ostendit.
926 908 1221 949 intercluditur
1257 907 1378 947 nobis
1412 905 1664 946 omnimodis
1697 905 1899 945 orationis
1932 905 2213 946 ministerium
2247 906 2402 946 omnis-

233 992 312 1032 que
346 979 463 1018 ratio.
497 992 577 1032 qua
611 978 716 1018 deus
740 977 805 1017 vel
839 978 1103 1031 intellegitur
1124 977 1192 1017 vel
1221 975 1504 1032 praedicatur,
1538 975 1571 1014 si
1596 974 1701 1014 haec
1723 973 1897 1014 humani
1921 974 2127 1014 sermonis
2151 975 2404 1016 commercia

232 1047 551 1088 subtrahuntur.
604 1061 678 1086 eur
710 1061 812 1099 ergo
837 1046 918 1086 dici
942 1047 1051 1086 inter
1071 1046 1154 1086 ista
1176 1059 1258 1085 non
1280 1044 1427 1100 possit,
1461 1042 1546 1084 sed
1578 1042 1746 1083 sensit
1778 1042 2141 1097 compatientis
2174 1044 2402 1085 affectu?

166 1116 213 1154 2⁴
234 1116 265 1155 si
309 1129 408 1169 ergo
449 1115 693 1156 discutienti
739 1115 941 1169 magistro
984 1114 1169 1168 simplex
1215 1118 1258 1154 et
1304 1116 1456 1168 aperta
1497 1111 1719 1166 responsio
1763 1110 1990 1162 satisfecit,
2036 1115 2304 1153 transeamus
2349 1112 2403 1153 ad

32 1187 139 1231 (iJ[
228 1185 395 1224 tertiam
429 1185 744 1237 quaestionem.
787 1198 869 1238 qua.
906 1189 953 1223 ut
984 1182 1268 1238 respondeam
1300 1181 1536 1237 praecipiS,
1580 1193 1690 1234 quae
1722 1180 1763 1219 in
1797 1179 1926 1220 rebus
1958 1179 2156 1220 humanis
2188 1193 2402 1235 corporea,

164 1254 214 1291 25
231 1266 394 1307 quaeve
427 1253 677 1307 incorlmrea
708 1252 930 1293 sentienda
964 1252 1059 1293 sint.
1121 1251 1172 1291 ad
1204 1251 1313 1291 haec
1345 1251 1489 1304 aliqua
1520 1263 1602 1289 non
1634 1263 1711 1303 pro
1745 1262 1895 1289 sensus
1932 1249 2013 1288 mei
2053 1250 2403 1304 praesumptione

230 1320 490 1376 depromam.
523 1320 597 1362 sed
621 1336 695 1376 pro
721 1325 964 1361 sanctorum
988 1320 1189 1376 opinione
1214 1320 1443 1365 seniorum,
1475 1318 1729 1373 praesertim
1752 1331 1847 1356 cum
1878 1316 1984 1357 haec
2016 1317 2203 1358 animum
2233 1318 2404 1359 laedere

228 1403 310 1429 non
352 1390 515 1444 possint
555 1395 597 1429 et
637 1389 689 1429 ad
727 1389 853 1430 tidem
896 1390 1057 1429 nutrire
1106 1389 1271 1443 possint
1318 1393 1361 1428 et
1407 1401 1542 1441 usque
1584 1385 1637 1426 ad
1678 1385 1742 1437 id,
1791 1399 1872 1439 quo
1912 1386 2021 1440 patri
2060 1386 2172 1427 filius
2214 1388 2405 1441 aequalis

229 1464 450 1512 appareat.
485 1463 631 1498 contra
664 1459 867 1499 Arri-anas
912 1472 1076 1498 arnmre
1116 1461 1244 1511 atque
1283 1457 1450 1510 erigere
1489 1455 1661 1496 valeant
1697 1454 1948 1509 pravitates.
2009 1468 2112 1509 ergo
2151 1455 2320 1509 quando
2352 1455 2405 1497 de

229 1532 411 1567 tractatu
449 1527 587 1567 altiori
621 1527 790 1567 collatio
824 1532 901 1578 est,
935 1527 988 1567 ad
1021 1527 1290 1568 subtiliorem
1322 1525 1589 1566 intellectum
1623 1537 1776 1565 sensus
1809 1527 1851 1564 et
1882 1523 2050 1563 animus
2083 1523 2404 1578 praeparandus

164 1597 311 1637 Quest.
372 1595 562 1635 nonnulli
594 1595 871 1636 eruditissimi
903 1600 1070 1651 patrum
1102 1596 1186 1636 alia
1218 1599 1417 1636 asserunt
1459 1607 1555 1634 esse
1598 1591 1845 1641 invisibilia,
1886 1591 1970 1631 alia
2000 1605 2102 1632 vero
2141 1592 2403 1648 incorporea.

231 1663 429 1717 quiequid
473 1669 664 1704 creatum
704 1673 787 1705 est.
830 1665 1053 1705 materiam
1090 1664 1224 1704 videri
1265 1666 1307 1704 et
1345 1662 1500 1703 factori
1538 1675 1613 1701 suo
1650 1659 2037 1714 comprehensibile
2077 1664 2119 1701 et
2158 1675 2407 1716 corporeum

232 1746 328 1772 esse
362 1731 582 1772 definiunt.
632 1746 729 1772 nam
763 1736 805 1773 et
837 1733 1074 1773 animarum
1107 1737 1150 1773 et
1180 1732 1429 1786 angelorum
1460 1735 1656 1771 naturam
1689 1733 1888 1769 asserunt
1918 1743 2013 1769 esse
2037 1743 2296 1784 corpoream,
2328 1745 2404 1786 pro

165 1802 280 1840 'Neo
325 1800 436 1854 quod
480 1800 600 1840 initio
642 1801 1015 1842 circumscribatur
1057 1806 1099 1842 et
1147 1801 1295 1855 spatio.
1362 1814 1459 1840 nam
1507 1800 1617 1840 sicut
1660 1798 1703 1838 in
1751 1797 1933 1852 quodam
1979 1799 2116 1839 sancti
2152 1798 2407 1854 Hieronymi

230 1874 415 1909 tractatu
464 1868 662 1922 legimus:
720 1869 922 1923 globos,
976 1870 1133 1925 inquit,
1187 1869 1413 1909 siderum
1470 1870 1769 1922 corporatos
1824 1880 1943 1907 esse
2000 1866 2211 1922 spiritus
2264 1868 2406 1909 arbi-

229 1942 446 1977 trantur.
495 1944 537 1977 et
577 1938 695 1978 item:
745 1938 785 1978 si
823 1938 1024 1993 angeli,
1070 1937 1228 1991 inquit,
1275 1936 1535 1977 caelestia
1579 1934 1733 1975 etiam
1775 1947 1990 1988 corpora
2031 1933 2088 1974 ad
2131 1949 2404 1990 compara-

228 2006 422 2046 tionem
463 2005 544 2046 dei
586 2006 838 2047 immunda
879 2020 1002 2048 esse
1046 2005 1315 2057 dicuntur,
1358 2003 1480 2059 quid
1518 2007 1672 2058 putas
1715 2002 1857 2043 homo
1901 2002 2257 2045 aestimandus
2296 2009 2405 2046 est?

162 2076 213 2115 23
233 2074 307 2115 sed
340 2075 451 2115 inter
483 2074 589 2115 haec
622 2074 717 2115 ideo
750 2079 794 2115 tu
827 2076 1011 2116 animam
1043 2090 1178 2130 negas
1211 2089 1306 2115 esse
1335 2087 1597 2129 corpoream,
1631 2072 1729 2126 quia
1751 2072 1872 2112 iuxta
1895 2071 2135 2126 aliquorum
2159 2073 2405 2127 opinionem

233 2157 311 2183 nec
344 2142 494 2183 localis
527 2143 581 2183 sit
613 2157 691 2184 nec
724 2144 931 2198 qualitate
965 2148 1037 2184 aut
1069 2144 1308 2198 quantitate
1341 2142 1561 2187 subsistat,
1595 2140 1706 2196 quod
1737 2140 1789 2180 de
1823 2140 1913 2180 sola
1944 2139 2014 2180 dei
2045 2141 2268 2183 maiestate
2291 2142 2406 2183 credi

165 2213 216 2251 29
233 2211 390 2252 debere
433 2212 708 2253 manifestum
748 2217 824 2254 est.
886 2213 1070 2267 legimus
1109 2213 1221 2254 enim
1258 2213 1301 2252 in
1341 2210 1526 2266 quodam
1561 2209 1856 2264 receptissimo
1887 2213 2057 2264 patrum
2088 2214 2291 2251 tractatu:
2330 2212 2406 2252 in-

229 2280 391 2334 gredi,
449 2281 600 2335 inquit,
655 2288 704 2322 et
755 2283 973 2337 implere
1023 2282 1198 2323 omnia
1245 2281 1341 2322 soli
1396 2285 1478 2321 est
1523 2276 1780 2334 possibile
1832 2278 2087 2329 trinitati,
2140 2292 2274 2333 quae
2328 2280 2404 2321 sic

226 2350 495 2390 universae
547 2349 929 2391 intellectualis
988 2355 1201 2391 naturae
1261 2349 1510 2390 efficitur
1564 2345 1910 2403 penetratriX,
1970 2350 2027 2386 ut
2078 2360 2181 2386 non
2240 2348 2405 2389 solum

229 2419 588 2474 circumplecti
621 2433 727 2460 eam
759 2425 912 2475 atque
947 2419 1162 2470 ambire,
1204 2418 1299 2459 sed
1338 2417 1505 2459 etiam
1541 2416 1708 2457 inlabi
1745 2415 1791 2456 ei
1832 2419 1885 2456 et
1915 2415 2064 2455 velut
2101 2415 2407 2471 incorporea

162 2488 427 2542 &mcorpori
451 2488 617 2543 possit
648 2488 870 2529 infundi.
923 2488 1050 2530 licet
1083 2488 1215 2529 enim
1248 2486 1657 2542 pronuntiemus,
1690 2484 1967 2524 nonnullas
2000 2483 2261 2538 spiritales
2294 2499 2406 2527 esse

366 2671 377 2702 1
408 2669 462 2703 Ps.
490 2669 654 2710 XXXIII,
685 2671 733 2703 16.
850 2671 871 2704 2
898 2671 939 2705 Is.
959 2671 985 2706 Ι.
1011 2672 1065 2705 24).
1129 2672 1217 2705 Gen.
1236 2669 1334 2710 VIII,
1359 2670 1412 2703 21.
1529 2669 1550 2701 3
1576 2667 1620 2702 Is.
1638 2666 1763 2708 LXVI,
1789 2667 1819 2700 2.
1847 2667 1876 2701 1.
1995 2667 2037 2701 12
2062 2667 2105 2701 cf.
2125 2665 2251 2701 Fausti
2276 2677 2332 2711 ep.
2357 2666 2403 2701 ad

228 2726 415 2762 (natatum.
443 2739 550 2771 :supra
576 2739 610 2771 p.
629 2728 704 2762 286.
734 2728 755 2762 l.
773 2729 803 2761 3.
918 2728 970 2763 24.
991 2728 1044 2762 2ἴ).
1071 2727 1284 2771 Hieronymi
1312 2738 1439 2761 comm.
1464 2725 1503 2759 in
1528 2725 1593 2759 Iob
1611 2726 1655 2759 ‘223
1681 2724 1829 2768 (Migne,
1854 2724 1990 2758 Pan-ol.
2017 2724 2080 2757 lat.
2106 2723 2235 2764 XXVI,
2260 2736 2295 2768 p.
2314 2723 2406 2767 727).

229 2784 272 2816 29
299 2783 458 2817 ‘'uss-iuni
487 2784 607 2818 collat.
628 2785 705 2825 VH,
734 2786 774 2819 13
801 2785 949 2829 (Migne‚
977 2786 1112 2819 Patrol.
1139 2786 1202 2819 lat.
1231 2785 1357 2825 XLIX,
1382 2796 1417 2828 p.
1437 2784 1528 2827 683).

366 2888 381 2919 1
409 2889 567 2921 ‹liscribcs
595 2886 627 2920 G
776 2889 797 2923 ἵ)
821 2888 895 2933 pro]
923 2899 945 2932 p
974 2888 1006 2921 G
1156 2889 1176 2922 6
1202 2888 1390 2931 nominare]
1417 2886 1461 2929 G,
1493 2887 1653 2930 eoepmmit
1676 2886 1874 2926 Μοφηῃιθεη,
1905 2893 1937 2918 et
1960 2885 2041 2918 add.
2071 2886 2225 2918 Canisc'us
2328 2896 2405 2918 con-

228 2945 350 2987 pellere
379 2942 410 2975 (t'
572 2945 589 2976 ῖ
615 2947 748 2989 dispicit
775 2944 807 2979 G
913 2945 964 2989 ut]
990 2952 1022 2979 et
1049 2944 1082 2978 G
1235 2946 1255 2979 9
1280 2947 1458 2986 sententia,
1489 2957 1559 2977 ras.
1583 2945 1717 2985 vta-,qula
1745 2941 1778 2975 G
1885 2941 2025 2986 mutata]
2055 2942 2221 2984 Canisius,
2252 2947 2347 2975 muta
2372 2940 2405 2974 G

231 3002 266 3032 11
297 3013 464 3033 sermones
493 3000 524 3033 G
688 3001 729 3035 14
754 3015 775 3034 a
800 3005 906 3036 verbis
937 3005 1103 3047 praecipis
1129 3010 1166 3037 ut
1190 3005 1410 3047 respondeam
1437 3003 1564 3035 codices
1591 3001 1776 3034 Claudiani
1801 3001 1977 3041 filamen-ti,
2010 3001 2103 3032 cuius
2135 3001 2228 3042 operi
2253 3000 2293 3032 de
2317 3005 2406 3032 statu

231 3059 364 3091 ηιιὶῃιαε
389 3059 469 3091 haec
494 3061 635 3101 epistula
654 3063 813 3103 praefica
840 3068 896 3102 est,
920 3062 1093 3103 incipiunt,
1117 3073 1198 3103 quos
1221 3062 1308 3094 inter
1333 3073 1366 3094 se
1383 3061 1619 3093 consentientes
1637 3059 1688 3090 vel
1699 3059 1879 3100 plerosque
1897 3056 2007 3090 littera
2024 3057 2069 3089 M
2080 3057 2228 3090 distinaei.
2264 3056 2404 3089 Lemma

220 3118 358 3156 serum.-
396 3117 532 3148 IIL'IL'S
563 3118 718 3149 ol'ERIS
743 3118 923 3149 AUCTOR
949 3119 1220 3159 IGNORATUR,
1252 3120 1361 3158 QUIA
1386 3118 1552 3150 TACITO
1578 3117 1752 3148 NOMINE
1777 3116 1879 3147 ISTA
1903 3115 2199 3156 CONSURIPSIT,
2225 3114 2404 3146 CONTRA

229 3174 348 3212 QUAE
374 3174 661 3205 ‹JLA13111AN1‘s
685 3175 797 3206 'fluis
824 3176 909 3207 Hos
934 3176 1091 3208 LIBROS
1117 3176 1361 3208 DISSERUIT.
1400 3174 1592 3217 Epistulcmn
1618 3174 1653 3205 in
1678 3173 1765 3204 duas
1787 3178 1901 3214 partes
1932 3172 2074 3204 divisam
2103 3171 2299 3203 Gennadius
2323 3181 2402 3212 quo-

227 3242 286 3270 qne
313 3231 399 3271 ἶεμίἰ,
425 3232 466 3271 rjf'.
493 3242 596 3272 snpra
619 3245 653 3272 [ι.
675 3233 747 3265 2.·2,
773 3232 793 3262 l.
811 3234 831 3262 2
856 3232 938 3264 adn,
1032 3233 1207 3277 precepisq
1235 3230 1268 3264 G
1408 3231 1450 3264 15
1475 3229 1530 3273 ad]
1558 3242 1574 3262 e
1598 3230 1731 3271 reyione
1756 3229 1854 3260 huius
1883 3240 1998 3261 versus
2021 3229 2057 3260 in
2080 3240 2143 3270 my.
2170 3228 2274 3259 acld..·
2296 3227 2404 3259 uenti-

227 3287 350 3318 lntione
377 3288 477 3319 liuius
502 3288 685 3329 questionis
710 3289 845 3320 minime
865 3286 919 3319 G2
991 3288 1070 3331 non]
1090 3301 1150 3321 om.
1170 3289 1214 3320 ΛΠ
1229 3288 1378 3331 (praeter
1396 3286 1505 3330 [sip-3.)
1579 3297 1694 3319 sensos
1714 3284 1746 3317 G
1862 3284 1904 3317 16
1928 3296 2077 3327 promam
2098 3282 2130 3315 G
2201 3285 2347 3317 animam
2364 3283 2410 3315 M

230 3343 269 3375 17
303 3345 428 3376 nutrire
461 3344 501 3376 ad
526 3345 623 3376 fidem
648 3344 691 3375 JI
794 3351 929 3387 possent
948 3346 980 3379 G
1142 3347 1184 3380 18
1215 3353 1374 3391 appereat
1392 3344 1425 3378 G
1540 3344 1683 3388 erigere]
1701 3344 1751 3385 M,
1780 3355 1896 3386 regere
1915 3342 1948 3375 G
2108 3342 2147 3375 21
2181 3343 2341 3385 quicquid
2360 3359 2402 3365 —-

228 3399 345 3442 uideri]
373 3402 483 3433 attulit
505 3401 553 3433 Cl.
572 3401 759 3433 Mamertus
779 3401 808 3441 I,
831 3404 868 3433 10
897 3403 961 3443 (ed.
984 3403 1203 3446 Enyelbrecht
1224 3417 1258 3446 p.
1278 3405 1335 3446 50)
1412 3404 1550 3435 materia
1570 3400 1602 3434 G
1691 3401 2016 3444 conprehensibilem
2035 3397 2067 3432 G
2196 3398 2240 3432 23
2264 3400 2402 3431 circum-

227 3456 405 3499 scribatur]
436 3457 509 3489 (r'Jl
532 3458 707 3499 (plerique)
837 3459 1023 3500 hyeronimi
1051 3459 1083 3493 G
1260 3460 1306 3493 24
1335 3461 1456 3504 globus
1485 3458 1528 3501 G,
1558 3460 1677 3502 globos
1702 3475 1745 3481 —
1769 3458 1973 3490 arbitrantur
2003 3457 2113 3489 attulit
2146 3457 2193 3488 (ll.
2216 3456 2403 3488 Mamertus

233 3514 259 3546 Ῐ-
286 3519 324 3546 1‘!
352 3514 414 3553 flf‘l·
442 3515 661 3555 L'nqelbreehe
682 3515 788 3556 11-51)
951 3516 995 3548 ·2:'›
1019 3519 1045 3549 si
1072 3536 1112 3539 m-
1140 3517 1183 3551 26
1208 3519 1436 3551 aestimandus
1461 3515 1526 3559 est]
1552 3517 1662 3548 attulit
1689 3516 1737 3548 Cl.
1756 3514 1943 3547 Mamertus
1970 3514 1999 3554 Ῑ,
2025 3516 2063 3546 12
2089 3513 2154 3555 (ed.
2179 3512 2403 3555 E‘tzsselbrecht

222 3587 256 3611 p.
282 3575 337 3604 53]
458 3571 569 3613 etiarn]
605 3584 666 3603 om.
692 3569 724 3600 G
886 3572 928 3604 2ss
962 3574 1023 3616 cst]
1056 3588 1118 3606 0711.
1147 3574 1177 3605 G
1340 3574 1384 3607 28
1414 3580 1473 3607 aut
1498 3593 1541 3596 —
1568 3570 1753 3613 maiestate]
1784 3583 1846 3603 om.
1875 3569 1906 3603 G
2067 3570 2111 3602 29
2141 3568 2243 3612 enim]
2275 3581 2337 3601 0711.
2362 3569 2405 3599 M

227 3630 270 3658 :io
295 3629 379 3659 sicut
409 3626 438 3657 G
600 3628 642 3660 31
677 3630 837 3661 uniuersa
864 3627 895 3659 G
1056 3631 1099 3662 :33
1130 3633 1311 3665 nonnullas
1337 3650 1378 3654 —-
1397 3645 1434 3674 p.
1452 3635 1524 3671 295,
1550 3632 1571 3663 l.
1588 3632 1610 3662 3
1632 3626 1870 3669 aestimandae]
1905 3629 2013 3659 attulit
2041 3627 2089 3659 Ol.
2116 3626 2302 3659 ,llamertus
2325 3626 2355 3667 I,
2379 3628 2402 3656 8

232 3685 294 3725 [ml.
323 3684 542 3725 Enfselbreelct
560 3698 596 3727 p.
615 3685 684 3725 47).
714 3686 765 3726 II,
791 3691 830 3717 10
858 3692 901 3729 (p.
924 3688 997 3727 139)
1099 3688 1112 3728 ll
1130 3689 1243 3721 nullas
1271 3687 1302 3720 G
1397 3699 1469 3720 esse
1494 3687 1598 3730 spirit.
1626 3685 1667 3716 J]

2441 916 2472 940 10

2441 1260 2472 1283 15

2442 1601 2474 1626 20

2443 1946 2474 1970 25

2442 2288 2475 2312 30
