2583 4011
206 221 285 259 298
634 215 802 249 mrsri
832 213 1149 256 ,immanens
1179 213 1454 248 nrisrrimi.
1495 214 1558 248 xx
1587 216 1606 255 s
1632 216 1674 248 57
1701 235 1742 237 -
1770 215 1833 248 xx
1862 216 1881 257 ς
1908 216 1961 248 61.

5 325 111 371 GM
141 330 484 385 57mensuram].
523 332 582 370 ita
614 336 656 371 et
686 331 829 385 posuit
861 329 1156 384 quantitatem.
1222 329 1331 369 iuter
1363 329 1469 369 haee
1502 330 1534 369 si
1568 329 1691 379 forte,
1724 332 1771 368 ut
1803 328 1963 369 dietum
1997 334 2076 374 est„
2109 328 2390 370 asserendum

206 400 359 454 aliquis
403 403 544 454 putet.
588 398 699 453 quod
741 399 813 439 illa
851 398 1073 452 angelicae
1117 398 1356 439 subtilitate
1402 401 1581 438 naturae
1624 397 1835 452 quaedam
1874 399 2071 453 contagio
2116 398 2226 438 aeris
2263 397 2389 438 huius

204 468 465 508 admixtione
521 467 699 508 collecta
755 467 934 507 flammis
984 467 1225 507 invenietur
1276 467 1483 517 obnoxia,
1541 480 1641 520 ergo
1696 466 1735 506 in
1786 466 1974 517 diabolo,
2039 470 2166 521 prout
2216 465 2295 517 ait,
2357 466 2391 507 si

208 550 380 576 aereum
414 541 497 577 est.
539 535 649 590 quod
682 536 868 576 ardebit.
911 550 992 575 non
1027 536 1065 575 in
1100 536 1192 579 illo,
1235 535 1310 576 sed
1344 539 1469 576 extra
1499 535 1617 574 illum
1651 548 1792 589 poena
1823 534 2065 582 desaeviet,
2113 534 2187 574 sed
2230 534 2391 589 absque

139 604 334 645 bbdubio
369 619 452 645 non
484 604 598 645 aliud
632 609 695 645 est
729 618 853 658 quam
890 604 1130 644 substantia
1161 604 1371 658 eol-pori&
1413 604 1484 644 ubi
1518 603 1728 643 dominari
1761 604 1918 658 poterit
1951 604 2012 643 vis
2047 603 2218 645 doloris.
2280 602 2391 654 vide,
2445 613 2458 635 ⁵

208 687 290 727 quo
316 673 460 714 tendat
485 673 730 727 imprudens
763 678 805 714 et
837 673 1037 727 imperita
1070 672 1310 727 persuasio!
1367 672 1437 726 qui
1471 672 1769 726 incorporeum
1802 686 1894 711 eum
1930 673 2131 726 loquitur,
2166 672 2294 712 etiam
2328 671 2392 711 in-

211 742 645 796 eomprellensibilem
679 741 907 782 confitetur
938 754 986 780 ae
1021 740 1080 780 sie
1111 739 1279 780 condito
1311 739 1518 779 adscribit
1540 740 1672 794 operi,
1705 740 1818 794 quod
1842 741 1918 781 soli
1942 741 2146 795 competit
2169 739 2393 790 conditori,

207 825 256 851 ae
299 811 426 850 rebus
468 811 623 851 creatis
668 809 957 850 communicat
1002 808 1227 863 privilegia
1273 809 1512 848 maiestatis
1556 812 1598 848 et
1641 807 1874 848 indebitam
1921 808 2113 849 facturae
2159 808 2396 863 potentiam

140 882 342 933 Iustusque
375 879 427 919 ad
460 879 634 920 factoris
669 877 864 919 extendit
896 877 1108 917 iniuriam.
1160 879 1194 917 si
1224 877 1335 918 bene
1359 877 1638 931 requiranmsq
1672 877 1725 917 ad
1750 891 1855 932 quos
1881 892 2022 918 rerum
2046 878 2186 918 exitus
2208 878 2396 918 animum

211 948 384 989 referas.
419 948 524 988 haee
559 948 625 988 vel
660 947 845 988 maxime
880 945 1096 986 diabolum
1131 945 1360 985 credulitas
1394 960 1447 986 ex
1479 945 1552 985 illa
1584 946 1740 987 beatae
1775 945 1889 986 sedis
1923 946 2107 987 statione
2141 945 2331 986 devolvit
2353 949 2396 986 et
2432 954 2465 978 10

140 1020 383 1072 Goproprer
416 1017 494 1057 hoe
528 1016 671 1070 angeli
705 1015 892 1070 perdidit
924 1014 1194 1067 dignitatem,
1236 1013 1335 1054 dum
1370 1028 1415 1054 se
1449 1013 1517 1053 dei
1550 1014 1788 1068 praesumit
1820 1014 1980 1055 habere
2013 1017 2226 1056 naturam.
2285 1028 2395 1055 unus

210 1100 311 1139 ergo
345 1085 450 1125 deus
485 1086 773 1139 incorporeus.
807 1084 905 1137 quia
939 1087 982 1123 et
1014 1082 1461 1137 incomprehensibilis
1495 1087 1538 1123 et
1570 1083 1728 1138 ubique
1760 1083 1960 1130 diffusus;
2002 1097 2058 1124 ex
2089 1083 2246 1123 nullius
2280 1083 2395 1124 enim

140 1156 185 1193 151
206 1155 397 1194 facturae
432 1167 662 1208 corporeae
686 1177 771 1192 *u*
794 1151 1017 1192 materiale
1051 1152 1234 1206 sumpsit
1257 1152 1492 1192 exordium.
1545 1156 1586 1192 et
1610 1151 1706 1193 ideo
1731 1156 1987 1193 coaeternus
2008 1152 2119 1193 filius
2139 1153 2262 1207 patri,
2294 1152 2394 1206 quia

210 1237 264 1263 ex
296 1222 412 1262 nullo
446 1235 576 1277 opere
611 1221 807 1262 conditus
839 1221 1055 1275 nullisque
1088 1221 1218 1261 initiis
1253 1220 1625 1276 circumscriptus,
1670 1234 1800 1276 super
1839 1221 1982 1261 omnia
2013 1235 2123 1276 quae
2155 1220 2288 1275 figulo
2321 1234 2397 1261 suo

210 1290 614 1345 comprehensibilia
648 1295 776 1344 atque
808 1304 1018 1344 corporea
1049 1289 1158 1329 intra
1191 1288 1336 1329 mundi
1370 1303 1525 1343 eorpus
1557 1294 1759 1344 operatus
1793 1293 1858 1330 est
1889 1290 2144 1345 incorporea
2173 1289 2397 1330 maiestate
2435 1297 2466 1322 15

209 1359 474 1400 diffunditur.
519 1373 572 1400 ex
614 1359 805 1413 ingenito
844 1359 1034 1413 genitus,
1078 1357 1118 1398 id
1159 1362 1225 1398 est
1266 1372 1320 1398 ex
1360 1361 1498 1412 patre,
1541 1357 1618 1398 sed
1657 1372 1826 1412 semper
1868 1372 1963 1398 eum
2004 1361 2148 1413 patre,
2188 1358 2253 1399 his
2285 1372 2396 1412 quae

211 1428 415 1469 excitavit
448 1441 501 1468 ex
534 1427 663 1468 nihilo
696 1427 929 1469 indisereta
962 1428 1099 1468 saneti
1133 1428 1308 1482 spiritus
1341 1427 1550 1468 societate
1584 1427 1839 1468 dominatur.
1901 1442 2040 1469 amen.

349 1612 366 1644 1
392 1610 626 1655 quantitatem]
655 1612 703 1644 Cl.
730 1612 918 1644 Mamertus
944 1612 965 1643 l.
985 1613 1018 1652 l„
1049 1612 1227 1654 qualitates
1256 1612 1286 1644 G
1378 1613 1441 1644 hae
1469 1611 1499 1644 G
1636 1610 1658 1644 3
1683 1613 1718 1644 in
1743 1610 1889 1654 diabolo]
1913 1613 2043 1654 scripsi,
2074 1613 2165 1645 india
2190 1611 2224 1653 (a
2247 1609 2399 1653 dubium)

211 1672 280 1703 sol«.
298 1671 337 1710 G,
354 1671 386 1702 in
405 1682 480 1703 aere
494 1671 564 1702 solo
582 1670 736 1702 Canisius
754 1675 783 1702 et
798 1669 1020 1711 Enyelbreclzt
1135 1667 1157 1701 4
1174 1667 1280 1711 extra]
1299 1681 1340 1701 ex
1358 1669 1387 1701 G
1456 1667 1641 1711 desaeuiet]
1657 1669 1793 1709 Hartel,
1809 1669 1971 1702 desatui&
1988 1669 2017 1701 G
2132 1668 2152 1701 (3
2165 1670 2400 1712 incorporeum

211 1726 299 1769 eum]
319 1727 552 1769 Enyelbreclzt,
576 1728 608 1759 in
634 1738 772 1769 corpore
797 1739 874 1759 eum
893 1728 922 1759 G
1052 1728 1073 1758 ὅ
1097 1727 1348 1759 communicant
1365 1727 1394 1758 G
1478 1728 1610 1759 futurae
1628 1726 1657 1758 G
1786 1725 1828 1758 10
1853 1727 2018 1759 maximae
2035 1727 2065 1759 G
2198 1726 2238 1759 11
2263 1724 2401 1769 habere]

211 1798 235 1817 s.
263 1787 284 1817 l.
306 1786 356 1817 G¹
453 1785 488 1816 in
511 1796 602 1817 uuus
626 1785 712 1817 redit
730 1785 769 1816 M
909 1784 951 1816 12
975 1785 1054 1826 quia
1079 1783 1123 1827 et]
1151 1785 1232 1826 quia
1245 1784 1289 1815 M
1427 1783 1467 1815 13
1485 1785 1626 1816 materIa
1642 1784 1752 1825 suppl.
1773 1783 1908 1823 IIartel,
1934 1795 2072 1827 corpore
2090 1784 2200 1826 suppl.
2215 1783 2404 1815 Mommsen

212 1855 278 1885 quo
303 1848 460 1875 aeternus
481 1842 510 1874 G
651 1840 693 1874 14
717 1840 836 1884 figulo]
867 1842 983 1873 factori
1000 1841 1044 1872 M
1183 1840 1223 1873 15
1247 1841 1412 1873 mundum
1433 1841 1462 1873 G
1604 1839 1646 1872 16
1671 1838 1715 1882 id]
1743 1851 1768 1871 ε.
1789 1841 1810 1872 l.
1831 1840 1881 1872 G¹
1969 1841 2027 1883 qui
2048 1840 2078 1872 G
2219 1838 2260 1872 17
2283 1837 2401 1881 nihilo]

213 1912 254 1932 ex
280 1900 359 1932 add.
390 1900 419 1932 G
512 1899 699 1932 dominator
727 1900 757 1931 G
849 1896 958 1940 amen]
985 1910 1047 1931 om.
1075 1898 1119 1930 M
