2583 4011
206 204 285 246 324
1018 201 1202 239 nemen
1226 200 1569 239 EPISTULARUM

93 321 133 366 G
208 320 314 359 fucis
347 318 598 360 multimoda
629 323 722 361 arte
755 318 966 375 depingit,
998 320 1057 360 ita
1078 334 1154 361 vos
1187 320 1373 360 animam
1396 324 1596 372 vestram,
1629 334 1738 375 quae
1771 323 1838 361 est
1861 320 2068 377 templum
2091 320 2175 374 dei,
2207 321 2387 367 diversis

203 389 405 427 virtutum
446 388 679 441 generibus
720 389 948 433 excolatis,
988 393 1033 429 ut
1066 402 1165 429 vere
1205 388 1258 429 de
1290 389 1473 443 spiritali
1505 389 1629 430 domo
1662 393 1805 430 vestra.
1838 390 2087 445 spiritaliter
2118 391 2260 434 dicere
2293 408 2387 435 cum

202 456 410 511 propheta
441 457 636 511 possitis:
671 457 894 509 domine,
926 457 1092 499 dilexi
1126 458 1363 499 decorem
1395 457 1573 499 domus
1608 461 1730 499 tuae
1763 461 1816 499 et
1846 458 2010 500 locum
2043 461 2386 504 habitationis

161 524 397 578 4gltii·iaie
437 530 575 568 tuae:
619 527 717 581 quia
749 526 985 567 seeundum
1017 527 1153 582 ipsius
1185 526 1347 567 domini
1379 528 1511 567 nostri
1543 527 1802 568 sententiam
1842 542 1944 569 non
1983 530 2033 570 in
2075 531 2387 573 manufactis

199 601 297 633 tem
312 594 414 649 plis
447 594 653 635 habitat
684 595 813 636 deus
838 610 915 636 1100
939 596 980 636 111
1004 596 1293 637 tabernaculis
1316 595 1396 636 viri
1418 596 1528 637 benc
1549 597 1754 651 placitum
1777 597 1829 649 ei,
1863 597 1940 638 sed
1962 598 2073 639 bene
2093 599 2297 654 placitum
2321 605 2385 642 est

159 664 182 699 ῠ
199 662 236 701 01
271 677 400 718 super
430 664 630 704 timentes
672 678 717 705 se
760 669 802 705 et
844 665 884 705 in
926 678 975 705 eo
1018 665 1088 718 qui
1131 668 1275 719 sperat
1316 665 1359 705 in
1400 665 1749 708 misericordiam.
1811 670 1854 706 et
1884 666 1978 721 ipse
2010 668 2167 709 iterum
2199 683 2276 710 nos
2307 684 2384 725 per

198 731 452 786 prophetam
485 733 639 773 docere
673 733 892 787 dignatur:
938 734 1133 773 caelum
1172 732 1294 773 mihi
1333 733 1548 773 thronus
1587 738 1688 784 est,
1730 737 1871 775 terra
1903 739 2068 777 autem
2101 737 2383 779 scabellum

197 800 377 853 pedum
433 815 680 841 meorum:
739 816 883 855 quam
939 801 1066 842 mihi
1120 801 1294 842 sedem
1347 801 1717 843 aedificabitis
1770 808 1859 844 aut
1912 805 2030 859 quis
2079 806 2187 846 erit
2230 807 2384 849 locus

198 870 545 922 requietionis
578 876 749 911 meae?
797 885 968 911 noune
1002 870 1133 911 haec
1166 870 1332 910 omnia.
1363 870 1500 911 fecit
1531 885 1712 912 manus
1745 876 1881 913 mea?
1930 877 2022 914 aut
2053 888 2208 930 super
2240 889 2385 930 quem

195 938 352 978 alium
385 939 665 994 respiciam
699 939 805 979 11131
840 953 996 994 super
1027 939 1274 980 humilem
1314 931 1363 980 et
1403 940 1630 994 quietum
1668 945 1715 981 et
1755 945 2068 984 trementem
2110 957 2384 985 sermones

196 1012 365 1047 meos?
419 1014 461 1048 et
484 1008 574 1062 ipse
597 1008 638 1048 in
669 1008 895 1062 evangelio
928 1007 1127 1048 dominus
1161 1008 1337 1048 clamat:
1372 1009 1552 1049 venite
1585 1009 1647 1049 ad
1678 1024 1772 1059 me,
1806 1024 1981 1051 omnes
2015 1012 2097 1066 qui
2131 1012 2382 1054 laboratis

156 1076 179 1112 (ἰ
197 1080 245 1114 et
284 1077 493 1115 onerati
538 1076 691 1121 estis,
737 1081 785 1117 et
827 1091 918 1131 ego
952 1076 1195 1117 reficiam
1228 1091 1339 1125 vos,
1386 1081 1429 1118 et
1460 1078 1626 1133 reliqua
1658 1092 1767 1132 quae
1800 1083 2048 1133 sequuntur.
2112 1084 2154 1121 et
2185 1081 2300 1133 ideo,
2342 1081 2385 1122 in

198 1143 367 1184 Christo
411 1144 582 1184 domino
623 1145 844 1185 carissima
886 1160 1005 1186 soror
1041 1159 1089 1186 ae
1131 1145 1240 1198 filia,
1282 1146 1489 1200 pristinae
1531 1147 1870 1188 conversationis
1910 1148 2142 1189 ambitione
2174 1149 2383 1205 deposita,

195 1212 478 1254 humilitatem
522 1213 654 1255 debes
706 1213 843 1254 cordis
895 1214 1093 1267 induere,
1150 1215 1486 1256 misericordiam
1531 1215 1825 1270 indigentibus
1868 1216 2086 1268 fenerare,
2139 1219 2383 1260 castitatem

192 1296 275 1321 non
309 1283 445 1323 solum
476 1283 667 1338 corporis
691 1283 767 1324 sed
790 1284 959 1325 animae
982 1299 1227 1339 procurare.
1282 1285 1410 1340 quod,
1443 1285 1674 1326 adiuvante
1699 1285 1884 1337 domino,
1916 1290 1964 1326 ut
1986 1286 2213 1341 adquirere
2235 1287 2382 1329 valeas
2438 1307 2452 1321 ο

192 1351 353 1405 pariter
386 1356 428 1392 ct
461 1352 687 1395 custodire.
726 1353 1003 1394 ieiunandum
1037 1358 1105 1395 est
1138 1355 1312 1410 saepius
1347 1358 1390 1396 et
1421 1369 1594 1411 semper
1626 1355 1847 1407 orandum,
1890 1356 1989 1410 quia
2019 1355 2160 1396 Adam
2192 1357 2383 1411 paradisi

194 1426 235 1459 et
268 1425 410 1461 eustos
443 1420 727 1475 delegabatur
760 1427 801 1463 et
833 1423 1020 1475 colonus,
1053 1424 1216 1465 scilicet
1247 1428 1294 1464 ut
1325 1424 1504 1465 haberet
1536 1424 1744 1480 operandi
1766 1425 1990 1466 materiam
2012 1424 2189 1466 libertas
2212 1426 2378 1467 arbitrii

193 1496 235 1528 et
267 1489 376 1543 quod
410 1490 649 1531 orationum
684 1491 942 1532 obtinuisset
973 1492 1185 1534 industria
1216 1494 1438 1549 parcitatis
1472 1494 1733 1535 abstinentia
1765 1494 2014 1534 custodiret.
2067 1494 2143 1535 sed
2176 1495 2378 1550 quoniam

191 1559 386 1612 neglexit
430 1560 510 1600 sibi
552 1574 725 1601 servare
763 1561 991 1608 ieiunium,
1033 1577 1111 1617 per
1151 1563 1543 1618 concupiscentiam
1584 1563 1762 1604 vetitam
1801 1563 1946 1604 amisit
1987 1567 2031 1604 et
2062 1564 2192 1604 vitam
2225 1568 2268 1604 et
2299 1564 2378 1604 im—

152 1629 507 1669 7m‹j›rtalitate1n.
576 1629 654 1670 sub
701 1629 970 1671 Hierobabel
1016 1645 1160 1672 muros
1207 1631 1488 1673 Hierusalem
1536 1631 1700 1672 reversi
1738 1645 1763 1671 a
1805 1631 2054 1687 captivitate
2106 1632 2380 1687 reparabant.

192 1711 286 1737 011111
335 1698 394 1737 eis
440 1702 555 1739 esset
601 1702 748 1739 eontra
795 1700 1061 1755 alienigenas
1109 1715 1186 1756 pro
1235 1700 1470 1741 eorundem
1516 1714 1734 1740 murorum
1780 1701 2096 1742 restauratione
2149 1705 2378 1755 certamen,

189 1765 478 1819 operabantur
510 1766 664 1808 dextra
696 1772 738 1808 et
771 1768 941 1809 sinistra
972 1770 1237 1824 pugnabant,
1271 1769 1437 1811 scilicet
1469 1774 1638 1810 scutum
1660 1769 1761 1811 fidei
1782 1770 1909 1811 laeva
1932 1774 2082 1811 contra
2106 1770 2378 1813 adversarios

187 1835 522 1889 praetendentes
570 1842 612 1877 et
659 1837 814 1878 dextra
859 1838 1069 1879 bonorum
1118 1853 1296 1894 operum
1343 1843 1561 1894 tamquam
1599 1838 1790 1894 lapidum
1834 1840 2170 1894 compositorum
2211 1841 2382 1882 moenia

149 1909 501 1946 *construentes
562 1905 637 1946 sed
668 1910 709 1947 et
741 1906 821 1962 ipsi
843 1907 922 1947 viri
955 1908 1025 1962 qui
1057 1908 1347 1949 aedificabant
1380 1922 1476 1949 cum
1508 1908 1729 1964 prophetis
1764 1908 1851 1949 suis
1886 1923 2016 1964 super
2048 1909 2218 1949 lumbos
2251 1909 2381 1951 cincti

187 1973 488 2028 operabantur,
536 1975 649 2030 quod
688 1980 731 2016 et
772 1975 968 2017 dominus
1016 1977 1058 2017 in
1098 1977 1322 2031 evangelio
1365 1977 1597 2018 observare
1638 1991 1717 2018 nos
1760 1978 2002 2033 praecepit,
2052 1977 2217 2019 dicens:
2266 1979 2378 2019 sint

187 2042 344 2083 lumbi
391 2045 558 2084 vestri
612 2044 921 2099 praecincti
975 2049 1027 2085 et
1080 2045 1339 2086 lucernae
1391 2049 1599 2087 vestrae
1651 2046 1911 2090 ardentes.
1987 2047 2265 2102 praecinctus
2314 2052 2381 2089 est

184 2112 356 2154 lumbis.
401 2114 519 2154 cuius
556 2128 655 2155 caro
698 2114 886 2155 castitati
926 2115 1085 2155 militat
1127 2118 1170 2156 et
1206 2129 1292 2156 non
1331 2115 1523 2167 libidini,
1568 2119 1611 2156 et
1649 2130 1772 2157 mens
1808 2116 1923 2157 illius
1961 2119 2179 2171 tamquam
2222 2116 2378 2158 ardens

145 2181 358 2222 9111001110
389 2183 643 2237 praefulget,
678 2198 805 2238 quam
838 2184 1084 2239 praeceptis
1119 2184 1208 2225 suis
1234 2183 1429 2225 Christus
1457 2184 1669 2227 accendit.
1722 2185 1822 2240 quia
1843 2185 1950 2226 haec
1974 2186 2117 2226 omnia
2141 2186 2378 2227 secundum

184 2251 428 2305 apostolum
461 2252 503 2292 in
536 2252 673 2307 figura
704 2253 841 2294 nostri
872 2253 989 2294 facta
1012 2257 1124 2305 sunt,
1158 2254 1268 2295 scire
1291 2268 1368 2295 nos
1392 2255 1606 2306 convenit,
1640 2254 1766 2309 quod,
1800 2254 2002 2309 quamdiu
2026 2255 2186 2295 saeculi
2211 2255 2378 2295 actibus

184 2319 339 2360 fuimus
387 2322 602 2376 occupati,
651 2326 872 2376 tamquam
909 2321 1164 2377 Babyloniis
1213 2327 1256 2364 et
1295 2323 1388 2377 regi
1435 2337 1583 2364 eorum
1626 2323 1783 2378 captivi
1824 2338 1848 2364 a
1886 2323 2049 2364 Iudaea
2092 2323 2289 2378 perducti
2331 2323 2374 2363 in

183 2389 369 2430 hostium
403 2391 602 2444 regiones
637 2391 905 2443 servivimus,
938 2391 1051 2433 unde
1083 2406 1161 2447 per
1192 2393 1507 2448 paenitentiam
1541 2393 1594 2434 ad
1626 2393 1823 2449 patriam,
1856 2392 1935 2432 hoc
1969 2395 2035 2432 est
2064 2391 2118 2432 ad
2140 2392 2375 2433 caelestem

181 2457 457 2500 Hierusalem
503 2463 683 2500 matrem
731 2461 917 2502 omnium
957 2461 1168 2514 fidelium,
1214 2467 1503 2514 revertentes,
1555 2463 1764 2504 debemus
1807 2462 1922 2503 omni
1963 2462 2171 2502 virtutum
2214 2475 2375 2516 genere

182 2541 383 2582 reparare
418 2529 620 2585 collapsa.
654 2530 815 2571 sarcire
847 2530 1043 2583 discissa,
1077 2530 1222 2573 delere
1254 2532 1504 2588 praeterita,
1537 2545 1689 2573 cavere
1712 2531 1971 2587 praesentia,
2004 2544 2157 2585 parare
2180 2535 2376 2581 ventura,

180 2606 225 2636 ut
262 2611 340 2651 per
380 2597 694 2651 benignitatem
735 2599 895 2639 domini
936 2614 960 2640 a
997 2600 1182 2655 pristina
1224 2604 1501 2655 peccatorum
1545 2601 1796 2656 captivitate
1843 2600 2056 2652 distracti,
2107 2614 2189 2640 non
2226 2599 2373 2655 Baby-

178 2666 390 2706 loniorum
436 2667 528 2721 regi
576 2667 650 2708 sed
697 2669 790 2723 regi
839 2669 1057 2710 caelorum
1104 2669 1275 2710 Christo
1322 2670 1364 2710 in
1412 2670 1714 2721 Hierusalem,
1766 2683 1990 2725 quaequae
2038 2669 2372 2723 congregatione

118 2737 426 2775 msam-torum
470 2735 720 2776 aedificatur
763 2737 933 2789 civitas,
979 2738 1232 2781 serviamus.
1294 2742 1338 2780 et
1377 2738 1534 2779 idcirco
1576 2739 1732 2780 faciem
1772 2743 1962 2779 nostram
1997 2737 2202 2778 debemus
2234 2738 2372 2792 magis

180 2803 364 2843 lacrimis
409 2804 547 2857 rigare
592 2818 719 2858 quam
762 2805 967 2858 lavacris,
1010 2810 1056 2847 ut
1098 2807 1241 2848 dicere
1283 2822 1380 2848 cum
1422 2807 1634 2863 propheta
1674 2807 1907 2862 possimus:
1955 2807 2085 2861 quia
2131 2806 2371 2847 cinerem

179 2872 309 2911 sieut
341 2886 517 2926 panem
551 2873 933 2915 manducabam
966 2880 1020 2916 et
1051 2880 1233 2931 potum
1264 2891 1433 2918 meum
1476 2891 1586 2918 cum
1625 2876 1771 2918 fletu
1807 2876 2101 2917 miscebam.
2162 2875 2371 2916 debemus

181 2954 333 2994 corpus
366 2946 558 2981 nostrum
591 2942 819 2984 indefessis
852 2944 1013 2998 vigiliis
1046 2950 1090 2986 et
1122 2946 1338 2986 continuis
1370 2946 1570 2987 edomare
1610 2945 1802 2997 ieiuniis,
1843 2949 1891 2985 ut
1922 2958 2070 2985 verum
2113 2948 2370 2986 exercentes

178 3008 289 3049 inter
321 3010 503 3050 animam
538 3024 797 3066 carnemque
832 3012 1051 3064 iudicium,
1084 3027 1170 3054 non
1202 3028 1302 3054 caro
1335 3014 1578 3055 dominetur
1609 3013 1790 3069 spiritui,
1823 3013 1899 3054 sed
1932 3012 2100 3068 spiritui
2133 3025 2232 3052 caro
2257 3011 2370 3052 victa

118 3077 408 3119 lldeserviat.
480 3081 600 3120 cuius
643 3081 705 3121 rei
751 3082 995 3137 exemplum
1039 3083 1162 3123 nobis
1207 3084 1423 3134 dominus,
1475 3083 1573 3124 dum
1612 3097 1688 3138 per
1724 3082 1925 3137 angelum
1967 3081 2019 3122 ad
2057 3081 2177 3135 Agar
2214 3080 2368 3122 Sarrae

178 3147 376 3187 ancillam
409 3148 611 3202 loquitur.
655 3149 790 3195 dedit,
831 3164 941 3203 quae
975 3151 1190 3192 dominam
1223 3167 1345 3193 suam
1378 3152 1579 3193 deserere
1610 3152 1822 3192 maluerat
1853 3165 1979 3204 quam
2011 3149 2179 3199 audire,
2219 3148 2368 3189 dicens

313 3308 333 3339 3
362 3307 416 3340 I's.
435 3307 545 3347 XXV,
571 3312 602 3342 ³7.
720 3309 741 3341 4
767 3310 846 3344 Act.
866 3310 980 3351 XVII,
1007 3311 1060 3346 24.
1178 3314 1199 3346 (5
1224 3312 1280 3346 Ps.
1301 3311 1357 3351 LI,
1377 3312 1432 3345 10.
1549 3311 1568 3344 ’ἲ
1595 3310 1639 3344 Is.
1658 3310 1784 3351 LXVI,
1804 3311 1834 3343 1.
1860 3310 1891 3343 ⁶2.
2011 3309 2050 3342 11
2078 3307 2210 3341 Matth.
2228 3307 2289 3347 XI,
2312 3307 2367 3341 28.

178 3366 219 3397 1⁴3
245 3364 333 3397 (jn-n.
361 3363 405 3397 ll.
433 3365 484 3397 13.
605 3365 648 3398 22
674 3365 716 3398 ll.
735 3365 837 3400 Esdr.
864 3367 924 3407 IV,
952 3368 1004 3401 17.
1124 3369 1168 3401 25
1194 3368 1278 3402 Luc.
1305 3369 1383 3410 ΧΠ,
1409 3370 1464 3402 35.
1580 3368 1624 3401 29
1650 3368 1676 3402 I.
1695 3368 1773 3401 Cor.
1799 3367 1842 3407 X,
1868 3367 1899 3401 G.
2018 3367 2061 3400 37
2087 3365 2144 3399 Ps.
2170 3365 2225 3405 CI,
2252 3364 2304 3399 10.

312 3456 333 3488 ἶ·
365 3456 510 3500 templis]
537 3469 576 3489 ezr
603 3457 696 3499 Vitlss.
723 3460 884 3501 suppleri,
914 3472 976 3493 01η.
1000 3461 1028 3492 G
1122 3460 1202 3504 11111]
1225 3462 1254 3493 G
1389 3462 1410 3493 <5
1435 3459 1558 3503 sperat]
1587 3460 1785 3497 Mommsen,
1817 3465 1953 3502 sperant
1981 3461 2009 3491 G
2102 3456 2186 3501 ipsc]
2212 3469 2237 3490 a.
2263 3458 2284 3489 l.
2314 3457 2363 3488 G¹

177 3511 215 3544 1Ῑ
249 3514 409 3555 diligatur
438 3515 500 3554 (Η,
533 3516 709 3557 delegatur
741 3516 791 3547 (1¹²
867 3518 1034 3558 operando
1060 3530 1146 3551 corr.
1174 3520 1331 3561 operandi
1362 3519 1414 3549 (1¹¹
1531 3516 1576 3549 ⁸:20
1600 3528 1621 3549 a
1646 3515 1855 3559 captiuitate]
1874 3517 2005 3559 scripsi,
2022 3517 2063 3548 ad
2082 3516 2311 3558 captiuitatem
2333 3512 2365 3545 G

176 3571 213 3601 21
249 3572 491 3602 restaurationi-e
519 3572 548 3601 G
694 3573 738 3605 22
763 3574 956 3606 aduersario
982 3577 1209 3617 prerm1l<2ntis
1231 3578 1259 3608 G
1409 3576 1453 3607 {2⁴⁴5
1479 3576 1619 3607 1110011ιῦ
1644 3575 1827 3617 praefulgit.
1853 3575 1882 3605 G
2018 3572 2063 3604 99
2088 3573 2314 3615 apostolorum
2335 3572 2364 3602 G

177 3630 252 3660 tacti
275 3631 303 3657 (ἑ
419 3630 463 3660 30
489 3630 680 3661 babilloniis
702 3632 731 3659 G
802 3632 900 3663 iudea
923 3634 951 3661 G
1022 3633 1189 3676 perducti]
1210 3635 1407 3670 ,lltmemsmu
1424 3633 1575 3675 producti
1599 3633 1628 3662 G
1735 3630 1773 3662 3]
1803 3632 1950 3673 regionis
1972 3632 2000 3660 G
2101 3630 2145 3661 33
2170 3630 2314 3661 disces-53.
2335 3629 2363 3659 (τ’

176 3688 378 3727 praesentias
407 3689 436 3718 G
599 3686 641 3718 34
675 3688 944 3730 babylloiiiorum
967 3690 995 3719 G
1145 3691 1189 3723 32'»
1214 3692 1427 3733 byei-usulem
1450 3692 1479 3721 G
1562 3687 1749 3731 quaequae]
1778 3688 1976 3723 aluimus-mv,
2000 3699 2154 3730 quaeque
2175 3688 2203 3718 (τ’
2285 3698 2362 3718 0011-

174 3745 349 3786 gregatioss
378 3745 411 3775 [ι’.
431 3756 455 3775 τ’.
484 3746 758 3787 congregatione)
781 3747 820 3785 G,
845 3749 1097 3790 congregationi
1127 3750 1283 3781 “ana-:ms

2422 955 2454 978 10

2418 1641 2451 1665 20

2416 1988 2449 2012 25

2413 2331 2446 2356 30

2410 2677 2442 2701 35

2405 3021 2440 3044 40
