2583 4011
273 225 352 264 2so
951 222 1004 255 ΕΑ
1013 221 1116 256 L‘S'ri
1146 222 1284 256 ALlou
1293 222 1458 264 UMQUE
1485 222 1761 258 EPISTULAE.

117 329 207 374 GP
273 350 368 376 cairo
413 335 636 375 subiuncta
682 336 953 378 famulatum:
1001 337 1082 377 ista
1122 337 1301 378 exhibet
1345 338 1648 386 ministerium,
1695 339 1768 379 illa
1814 339 2055 380 consilium:
2104 338 2377 380 oboedientia
2416 353 2442 380 a

272 403 483 443 serviente
528 415 736 446 cessaret.
783 405 858 444 nisi
894 406 1088 446 voluntas
1122 419 1146 445 a
1178 406 1350 447 iubente
1389 406 1683 460 praecederet.
1745 410 1786 446 et
1818 407 1997 448 similem
2029 420 2210 447 necesse
2244 410 2308 447 est
2338 421 2439 447 con-

205 473 254 510 34
272 470 481 511 dicionem
514 472 554 511 111
589 471 862 513 damnatione
896 479 1170 527 cognoscant.
1203 488 1312 528 quae
1337 479 1479 514 contra
1506 475 1630 514 simul
1653 475 1694 514 in
1718 475 1996 516 retributione
2020 475 2282 529 gaudebunt.
2333 474 2437 515 dicis

270 540 425 580 adhue.
471 555 599 594 quae
643 552 720 581 cst
769 543 1077 583 immortalis
1123 543 1373 597 quomodo
1412 558 1504 598 pro
1549 543 1864 584 mortalibus
1909 543 2065 584 vitiis
2112 547 2440 597 torqueatur.

268 610 458 649 mortalia
493 610 661 664 quidem
696 611 803 649 malai
840 615 949 650 sunt.
983 610 1056 651 sed
1092 611 1343 651 immortalis
1368 612 1446 652 erit
1470 612 1680 652 cruciatus
1704 613 1914 652 malorum
1937 617 1979 653 et
2001 612 2252 653 delictorum
2276 625 2436 663 cruces,

202 677 382 717 35111115
425 677 741 719 deficientibus.
791 679 1113 732 permanebunt.
1183 680 1402 720 meliorem
1449 681 1672 721 materiam
1718 681 1775 721 ita
1824 681 1996 721 inferior
2046 694 2189 721 5001110
2235 678 2441 720 traditura

270 744 424 785 iudicio
449 756 526 787 est.
560 747 667 786 sicut
691 747 864 786 conflari
889 761 1036 786 aurum
1070 747 1232 801 plumbi
1267 748 1485 803 compellit
1517 748 1736 789 admixtio.
1789 749 1915 789 homo
1950 763 2050 803 ergo
2082 762 2156 803 pro
2190 747 2440 788 mortalibus

268 815 391 854 malis
425 816 652 855 moriturus
687 826 750 856 cst
783 816 861 855 deo
894 821 936 856 ct
969 816 1158 856 victurus
1192 816 1375 857 inferno:
1409 817 1516 858 haec
1547 818 1626 858 erit
1659 818 1772 858 illius
1806 830 1932 868 mors,
1964 806 2146 857 utmori
2170 816 2209 857 ei
2232 816 2273 855 in
2296 815 2442 856 dolore

200 884 350 922 3611011
383 884 520 923 liccat.
584 884 778 924 extendis
812 885 851 924 in
886 884 964 925 1100
999 900 1168 940 quoque
1202 886 1530 928 sollicitudinem
1563 892 1693 937 tuam,
1728 892 1893 928 utrum
1926 888 2102 928 anima
2133 891 2187 927 et
2218 886 2439 941 spiritus

267 951 400 991 idem
440 953 544 992 sint
586 961 669 992 aut
708 953 953 1006 quomodo
993 960 1378 1009 segregentur?
1440 955 1544 996 duas
1582 960 1746 996 tantum
1786 956 1827 996 in
1870 956 2056 1008 homine,
2098 954 2140 995 id
2172 958 2238 996 est
2268 955 2435 996 animae

267 1031 309 1060 cr
342 1021 544 1074 corporis.
578 1021 822 1061 noverimus
857 1035 952 1062 esse
987 1022 1269 1065 substantias:
1316 1024 1488 1078 spiritus
1521 1028 1665 1065 autem
1699 1038 1809 1065 nune
1842 1024 2047 1064 naturalis
2079 1024 2296 1078 probatur,
2328 1036 2441 1064 nunc

265 1087 462 1128 accidens
496 1089 721 1130 invenitur.
783 1090 1013 1144 aliquando
1047 1091 1157 1131 enim
1193 1092 1366 1146 spiritus
1399 1106 1473 1147 pro
1507 1093 1648 1133 anima
1685 1093 1871 1148 ponitur,
1914 1091 2141 1147 aliquando
2172 1091 2338 1132 virtutis
2377 1092 2441 1132 in-

199 1156 485 1210 3710003100-
522 1158 739 1212 appetitus
779 1162 821 1198 et
863 1159 1069 1212 spiritalis
1112 1160 1305 1202 affectus.
1367 1161 1447 1202 hoc
1485 1175 1644 1215 genere
1688 1176 1796 1203 unus
1838 1166 1966 1217 atque
2004 1161 2117 1202 idem
2160 1161 2285 1201 homo
2329 1174 2441 1201 nunc

267 1224 469 1264 carnalis.
518 1239 628 1265 nunc
670 1226 884 1272 animalis,
932 1241 1044 1268 nunc
1085 1229 1214 1269 etiam
1254 1233 1295 1270 et
1333 1230 1534 1285 spiritalis
1572 1234 1650 1272 est.
1721 1231 1913 1271 carnales
1954 1233 2052 1271 sunt
2094 1229 2145 1270 de
2190 1229 2344 1284 quibus
2383 1229 2443 1269 ait

266 1291 479 1333 dominus:
526 1307 623 1334 non
671 1296 1020 1348 permanebit
1067 1297 1286 1352 spiritus
1333 1312 1479 1339 meus
1525 1299 1576 1339 in
1619 1298 1904 1340 hominibus
1947 1299 2092 1350 istis,
2139 1298 2268 1352 quia
2312 1310 2436 1338 caro

266 1370 405 1401 sunt.
453 1366 495 1401 et
534 1362 770 1416 apostolus:
820 1364 906 1417 qui
948 1368 1124 1405 autem
1169 1366 1221 1405 in
1265 1380 1420 1407 carne
1465 1371 1611 1418 sunt,
1659 1367 1751 1408 deo
1798 1369 2008 1423 placere
2054 1380 2154 1407 non
2201 1369 2442 1421 possunt.

266 1430 445 1470 carnalis
485 1436 547 1471 est
581 1431 650 1484 qui
683 1431 819 1471 ventri
852 1436 894 1472 et
926 1433 1085 1487 gutturi
1119 1433 1273 1474 edendi
1307 1439 1349 1475 et
1381 1434 1557 1476 bibendi
1590 1436 1810 1477 nimietate
1843 1435 2032 1476 deservit
2064 1439 2106 1476 et
2138 1435 2249 1475 vitae
2281 1434 2441 1475 bonum

197 1498 304 1538 'asin
343 1499 469 1551 gulae
515 1499 700 1553 ingluvie
746 1507 788 1540 et
825 1502 1057 1542 voracitate
1102 1503 1333 1543 constituit.
1395 1508 1438 1544 at
1475 1517 1577 1544 vero
1620 1505 1814 1545 animalis
1853 1504 2048 1555 efficitur,
2092 1503 2260 1558 quando
2301 1502 2442 1543 adhuc

264 1581 413 1621 parum
455 1567 581 1608 deum
628 1569 840 1623 cogitanS,
890 1569 1124 1610 secundum
1166 1571 1352 1612 animam
1394 1572 1607 1613 saeculari
1647 1572 1875 1628 prudentia
1916 1572 1970 1613 ad
2015 1572 2253 1627 aliquarum
2298 1585 2441 1612 rerum

265 1637 575 1692 providentiam
598 1644 885 1694 permovetur,
919 1640 1088 1695 quando
1113 1645 1185 1681 aut
1206 1641 1516 1696 investigandis
1542 1656 1617 1697 pro
1642 1642 1811 1682 curiosa
1835 1641 2024 1682 vanitate
2048 1654 2189 1681 rerum
2210 1640 2438 1681 latentium

266 1706 404 1746 causis
437 1715 508 1746 aut
542 1707 851 1762 philosophicis
883 1709 1034 1750 studiis
1069 1709 1327 1752 delectatur:
1369 1710 1481 1751 unde
1515 1714 1557 1751 et
1597 1711 1814 1765 apostolus
1854 1710 1975 1751 dicit:
2018 1709 2259 1750 animalis
2297 1709 2443 1750 homo

197 1775 355 1813 3911011
403 1774 625 1829 percipit
673 1789 805 1829 quae
854 1780 973 1816 sunt
1021 1777 1250 1831 spiritus
1298 1777 1400 1819 dei.
1478 1778 1683 1833 spiritalis
1731 1783 1871 1819 autem
1919 1793 2015 1819 esse
2058 1778 2227 1833 incipit,
2275 1777 2443 1832 quando

266 1841 467 1882 honesta.
514 1848 681 1883 sancta.
725 1844 935 1898 spiritalia
967 1846 1248 1900 concupiscit,
1283 1846 1451 1901 quando
1484 1847 1536 1887 ad
1569 1846 1700 1887 divini
1732 1848 1894 1888 timoris
1929 1847 2089 1887 cultum
2123 1847 2268 1901 vigore
2302 1846 2442 1887 cordis

263 1911 468 1960 ascendit,
502 1912 670 1966 quando
703 1912 754 1952 ad
789 1928 833 1955 se
869 1914 1062 1968 spiritum
1095 1919 1289 1955 sanctum
1323 1929 1398 1970 per
1430 1915 1683 1956 munditiam
1716 1915 1920 1971 corporis,
1952 1930 2028 1970 per
2051 1915 2288 1956 custodiam
2313 1915 2441 1956 casti-

265 1979 362 2019 tatis
401 1979 569 2029 invitat,
613 1985 659 2021 ut
693 1981 745 2022 de
785 1995 835 2021 ea
873 1981 977 2022 illud
1019 1983 1302 2037 apostolicum
1345 1983 1427 2024 dici
1464 1985 1618 2039 possit:
1666 1998 1753 2025 vos
1793 1985 1926 2024 estis
1968 1985 2225 2039 templum
2266 1984 2351 2025 dei
2393 1987 2442 2025 et

197 2048 481 2102 inspiritus
515 2049 602 2090 dei
634 2050 848 2091 habitat
880 2051 931 2090 in
963 2051 1126 2093 vobis.
1190 2066 1298 2106 quae
1331 2052 1490 2093 homini
1522 2067 1606 2093 non
1637 2052 1765 2093 insita
1796 2066 1873 2107 per
1903 2056 2114 2103 naturam,
2146 2051 2221 2094 sed
2252 2053 2312 2093 ita
2346 2055 2445 2093 sunt

263 2115 461 2157 adiuncta
494 2132 570 2172 per
601 2119 796 2172 gratiam,
829 2122 875 2158 ut
908 2120 1099 2174 separari
1131 2120 1299 2175 possint
1330 2119 1498 2161 desidia
1529 2120 1825 2162 intercedente
1858 2134 1934 2175 per
1957 2121 2139 2175 culpam.
2192 2120 2305 2162 unde
2330 2120 2443 2161 idem

263 2188 480 2241 apostolus
519 2187 638 2227 dicit:
687 2188 770 2241 qui
811 2192 978 2228 autem
1017 2189 1261 2242 templum
1303 2188 1391 2229 dei
1429 2189 1733 2241 violaverit,
1775 2188 2057 2244 disperdet
2096 2189 2253 2229 illum
2298 2188 2442 2231 deuS.

197 2257 240 2293 41
265 2268 366 2295 ecce
398 2269 473 2309 per
505 2255 631 2297 fidem
664 2271 745 2297 non
781 2257 917 2297 solum
950 2257 1194 2312 baptizatus
1229 2257 1304 2298 sed
1337 2261 1379 2298 et
1412 2257 1480 2298 dei
1519 2273 1615 2299 esse
1656 2258 1863 2313 templum
1897 2257 2066 2298 videtur
2105 2261 2147 2298 et
2184 2261 2328 2299 tamen
2365 2272 2444 2312 per

264 2323 429 2364 diversa
461 2325 621 2378 flagitia
653 2324 721 2366 dei
759 2327 990 2366 severitate
1030 2325 1316 2380 disperdetur.
1377 2326 1457 2367 hoc
1492 2327 1586 2367 1000
1629 2326 1881 2381 perditionis
1919 2326 2176 2367 vocabulum
2215 2330 2438 2366 aeternum

196 2393 248 2431 42
263 2391 455 2446 perditae
489 2393 655 2434 animae
689 2408 785 2434 esse
819 2395 1062 2435 noverimus
1093 2395 1324 2435 interitum.
1377 2396 1419 2435 in
1452 2395 1765 2450 baptizatorum
1787 2409 1963 2435 numero
1989 2395 2153 2449 absque
2177 2394 2443 2435 dubitatione

264 2466 495 2501 censentur
539 2462 609 2516 qui
651 2462 843 2504 membra
878 2463 1037 2504 Christi
1077 2477 1172 2504 esse
1211 2463 1422 2515 dicuntur,
1465 2468 1507 2505 et
1546 2463 1642 2504 ideo
1676 2462 1887 2518 quomodo
1920 2462 2096 2518 perditis
2131 2466 2442 2517 comparantur,

265 2529 474 2582 quomodo
519 2544 542 2569 a
587 2532 877 2584 generositate
924 2532 1126 2585 filiorum,
1180 2533 1344 2588 flagitio
1391 2537 1616 2588 operante,
1663 2532 1954 2586 degenerant,
2006 2532 2175 2573 dicente
2224 2532 2440 2587 apostolo:

197 2597 447 2637 43tollam
481 2611 600 2652 ergo
634 2600 859 2640 membra
893 2600 1093 2642 Christi
1127 2605 1176 2642 et
1213 2602 1397 2642 faciam
1435 2601 1663 2642 membra
1701 2600 2047 2641 meretricis?
2110 2604 2152 2641 et
2182 2600 2244 2640 illi
2277 2612 2441 2655 quoque

265 2666 612 2708 manifestissime
646 2667 758 2708 dona
790 2668 1001 2710 secundae
1033 2669 1268 2710 nativitatis
1300 2672 1572 2725 acceperant,
1605 2669 1674 2724 qui
1708 2669 1837 2710 etiam
1862 2669 2165 2710 charismatum
2189 2669 2436 2710 diversitate

399 2836 430 2869 4.
457 2837 476 2870 9
503 2837 564 2881 Ep.
592 2837 737 2871 Paulini
764 2850 815 2873 nr.
842 2839 935 2880 XIV,
961 2843 979 2880 ἐ
999 2840 1029 2874 6.
1169 2842 1210 2875 15
1235 2841 1324 2875 Gen.
1344 2840 1409 2875 VI.
1435 2841 1466 2874 3.
1610 2841 1650 2875 16
1676 2840 1777 2874 Rom.
1797 2840 1900 2880 VIII,
1926 2843 1957 2874 8.
2087 2840 2129 2874 21
2158 2840 2183 2873 I.
2206 2839 2283 2873 Cor.
2309 2839 2362 2880 II,
2390 2839 2442 2873 14.

265 2893 308 2925 25
334 2892 377 2925 II.
405 2892 480 2926 Cor.
502 2893 561 2933 VI,
590 2896 640 2928 16.
781 2898 824 2930 28
849 2897 875 2930 I.
902 2898 980 2931 Cor.
1007 2897 1068 2937 ΙΙΙ,
1097 2898 1147 2930 17.
1264 2898 1307 2932 34
1334 2898 1359 2932 Ι.
1388 2898 1466 2932 Cor.
1484 2898 1545 2939 VI,
1574 2898 1624 2932 15.

401 2985 416 3017 1
434 2986 582 3018 subiecta
596 2987 651 3027 (P)
719 2988 953 3031 ministerium]
972 2991 1156 3023 ministerio
1174 2995 1206 3022 et
1219 2991 1253 3022 P
1366 2991 1386 3022 2
1400 2992 1563 3023 seruitute
1577 2990 1635 3032 (P)
1701 2992 1885 3033 precederit
1898 2991 1936 3029 G,
1954 2991 2132 3033 prociderit
2142 2991 2173 3022 P
2240 2988 2284 3032 et]
2304 3001 2365 3022 om.
2382 2988 2439 3030 (P)

265 3041 285 3073 3
310 3042 526 3085 cognoscant]
553 3044 749 3085 Mommsen,
774 3052 956 3089 cognoscat
975 3048 1014 3087 G,
1039 3052 1222 3089 cognuscet
1248 3047 1277 3078 P
1414 3046 1436 3079 4
1460 3048 1651 3080 inmortales
1678 3048 1710 3079 P
1843 3046 1863 3079 5
1888 3048 2085 3079 dilectorum
2111 3047 2144 3079 P
2233 3047 2342 3079 crucis
2370 3046 2442 3087 GP,

265 3100 433 3131 cruciatus
448 3100 613 3140 Pithoeus,
631 3103 803 3135 cicatrices
819 3105 902 3136 coni.
917 3104 1101 3136 Mommsen
1212 3104 1232 3136 6
1246 3103 1373 3147 500010]
1390 3116 1452 3136 om.
1463 3104 1519 3145 (P)
1631 3103 1649 3135 7
1664 3106 1801 3137 conflari
1815 3103 1948 3147 aurum]
1964 3106 2133 3137 flariaruni
2147 3106 2175 3137 G
2237 3105 2403 3147 conpellet
2413 3104 2445 3136 P

265 3161 285 3187 ὃ
310 3154 414 3198 111105]
440 3158 500 3188 tibi
529 3158 557 3189 G
655 3157 696 3200 01]
726 3172 787 3191 ortt.
816 3160 844 3192 G
937 3161 1042 3193 dolori
1071 3161 1100 3191 G
1243 3159 1264 3191 9
1297 3162 1451 3204 spiritum
1477 3161 1510 3192 P
1652 3160 1695 3193 10
1726 3162 1759 3193 id
1787 3160 1851 3204 est]
1877 3173 1938 3193 om.
1960 3161 2017 3203 (P)
2162 3161 2199 3193 11
2234 3172 2388 3204 corpores
2412 3161 2444 3193 P

266 3211 417 3255 spiritus]
445 3216 503 3256 *ps
533 3214 561 3245 G
670 3217 841 3248 naturales
865 3216 897 3247 P
1049 3217 1088 3249 12
1113 3218 1276 3250 accedens
1302 3217 1359 3259 (P)
1471 3219 1651 3260 aliquando
1677 3237 1719 3241 —
1744 3217 1892 3261 ponitur]
1918 3219 1958 3258 G,
1982 3230 2045 3250 om.
2071 3217 2128 3260 (P)
2235 3218 2362 3250 uirtute
2381 3216 2438 3258 (P)

267 3270 308 3302 13
333 3271 496 3313 spiritales
516 3271 546 3303 P
673 3273 713 3305 14
738 3275 888 3307 carnales
905 3275 938 3306 P
1016 3286 1107 3307 nunc
1131 3274 1298 3318 animalis]
1324 3288 1384 3308 om.
1407 3275 1464 3316 (P)
1551 3277 1716 3318 spiritales
1734 3275 1766 3307 P
1900 3275 1942 3307 1ss
1967 3275 2178 3318 apostolosP
2308 3273 2350 3306 17
2374 3285 2443 3307 car-

266 3328 358 3359 nales
380 3327 443 3358 GP
509 3329 663 3361 ‹leseruet
681 3330 713 3361 P
827 3330 867 3362 18
885 3333 1047 3365 uraeitate
1061 3333 1093 3365 P
1161 3332 1347 3375 constituit]
1367 3334 1501 3376 quando
1520 3334 1743 3366 manducandi
1760 3338 1792 3365 et
1808 3333 1943 3365 bibendi
1962 3333 2133 3365 nimietate
2150 3333 2256 3365 uitam
2273 3336 2440 3374 conpetat,

266 3385 397 3426 quando
416 3385 445 3416 ei
461 3386 588 3417 uentris
606 3387 802 3418 domenatur
820 3388 994 3430 ingluuius
1012 3389 1092 3420 add.
1112 3389 1151 3429 P,
1169 3401 1230 3421 om.
1249 3390 1294 3421 G.-
1307 3391 1473 3431 [llos-sema
1490 3390 1670 3432 exstirpavi
1729 3390 1770 3421 ad
1786 3389 1818 3420 P
1873 3391 2025 3421 efficetur
2038 3389 2070 3420 P
2184 3388 2225 3421 19
2243 3400 2365 3432 purum
2380 3387 2437 3430 (P)

266 3442 427 3484 singulari
449 3442 488 3481 G,
512 3443 681 3475 saeculare
701 3443 732 3474 P
881 3443 925 3477 20
949 3447 1159 3487 prouidentia
1180 3447 1219 3486 G,
1245 3448 1382 3479 scientia
1400 3447 1432 3478 P
1533 3446 1604 3490 aut]
1626 3459 1687 3479 om.
1709 3446 1766 3487 (P)
1868 3459 1926 3489 pro
1952 3465 1995 3468 -—
2022 3445 2145 3489 rerum]
2169 3446 2208 3487 G,
2233 3449 2393 3489 prosperi]
2411 3445 2444 3477 P

265 3499 460 3531 laetantium
485 3502 513 3530 G
636 3500 677 3532 21
704 3512 747 3532 30
774 3502 972 3543 phylosophi
998 3503 1044 3534 eis
1070 3503 1248 3535 dilectatur
1272 3504 1391 3535 studiis
1408 3504 1441 3535 P
1516 3502 1561 3545 et]
1588 3515 1649 3536 om.
1673 3504 1702 3535 G
1771 3504 1903 3536 disserit
1923 3504 1952 3535 G
2074 3502 2117 3535 22
2142 3502 2267 3545 autem]
2297 3515 2359 3535 om.
2380 3502 2437 3544 (P)

266 3554 308 3586 23
333 3554 461 3597 sancta]
486 3556 525 3595 G,
549 3563 581 3588 et
600 3556 657 3597 (P)
755 3558 889 3590 timores
906 3558 938 3589 P
1074 3558 1117 3590 24
1143 3558 1307 3601 sanctum]
1334 3572 1396 3592 om.
1417 3560 1474 3602 (P)
1563 3572 1718 3603 corpores
1736 3560 1768 3592 P
1852 3559 1920 3603 per]
1948 3561 2081 3603 quando
2103 3560 2131 3592 G
2217 3564 2392 3592 castetates
2408 3560 2442 3592 P

265 3610 308 3643 25
326 3618 362 3643 ut
379 3610 433 3653 de]
453 3610 524 3643 und
543 3614 571 3644 G
640 3614 780 3656 apostoli
796 3614 852 3655 (P)
923 3621 1034 3658 posset
1050 3616 1081 3647 P
1195 3615 1238 3649 26
1257 3618 1391 3650 homine
1406 3617 1438 3649 P
1500 3622 1619 3650 natura
1633 3616 1665 3648 P
1777 3616 1819 3649 27
1838 3629 1989 3660 separare
2007 3618 2040 3649 P
2106 3617 2211 3659 possit
2227 3616 2266 3657 G,
2282 3621 2394 3659 posset
2410 3617 2442 3648 P

267 3666 309 3698 22&
334 3668 491 3710 disperdit
520 3669 582 3701 GP
671 3680 746 3701 eum
776 3670 832 3710 (P)
985 3670 1028 3703 29
1054 3671 1098 3715 et]
1126 3685 1187 3705 om.
1210 3675 1238 3705 G
1330 3675 1493 3717 templum
1519 3685 1590 3706 esse
1618 3673 1676 3715 (P)
1816 3674 1861 3706 30
1885 3673 1949 3717 dei]
1975 3686 2036 3706 om.
2059 3674 2088 3705 G
2181 3674 2382 3716 disperditur
2410 3674 2439 3706 G

267 3724 472 3765 perdiciones
497 3725 528 3756 P
671 3725 715 3758 32
739 3725 809 3770 qui]
836 3734 869 3760 et
896 3726 952 3769 (P)
1047 3728 1135 3772 ideo]
1165 3730 1204 3771 G,
1235 3731 1305 3763 uidi
1330 3730 1363 3762 P
1496 3730 1540 3764 35
1565 3731 1853 3764 manifestissimae
1883 3732 1912 3764 G
2003 3730 2195 3764 natiuitates
2219 3732 2389 3775 acciperat
2410 3730 2443 3763 P

2479 963 2511 988 10

2478 1305 2510 1330 15

2479 1647 2512 1673 20

2480 2333 2513 2358 30

2478 2677 2510 2701 35
