2583 4011
1005 180 1050 214 lx
1082 191 1112 213 V.
1138 179 1205 213 316
1233 199 1273 203 —
1302 179 1349 212 XI
1379 191 1409 213 V.
1440 180 1489 213 19.
2273 185 2352 223 227

574 308 587 331 ⁵
630 296 903 351 ducebatque
937 295 1093 337 choros
1127 294 1251 335 viridi
1285 308 1419 349 prope
1453 298 1596 335 tectus
1629 296 1788 336 amictu

693 365 923 407 caeruleae
956 364 1100 420 pallae
1133 363 1336 404 concolor
1370 363 1463 417 ipse
1498 377 1645 406 socer:

630 433 820 489 nympha
852 446 1024 488 quoque
1057 432 1098 472 in
1133 431 1347 471 thalamos
1372 432 1550 472 veniens
1583 431 1637 471 de
1670 432 1843 483 gurgite
1878 433 1990 474 nuda

695 502 840 544 vestiti
873 501 1019 557 coepit
1049 500 1245 542 membra
1276 500 1428 541 timere
1464 500 1556 542 viri.

631 577 719 613 tum
753 571 901 612 divum
934 570 1194 625 quicumque
1227 568 1380 610 aderat
1413 576 1579 610 terrore
1615 577 1782 611 remoto

557 652 587 674 ¹⁴¹
694 656 777 696 quo
811 641 905 695 quis
939 639 1133 695 pollebat
1167 639 1269 679 lusit
1303 639 1344 679 in
1380 638 1534 679 officio.

629 709 826 765 Iuppiter
859 709 1003 750 emisit
1036 707 1229 763 tepidum
1265 707 1359 748 sinc
1394 707 1585 763 pondere
1618 709 1781 750 fulmen

696 784 739 821 et
771 778 899 820 dixit:
935 778 1105 819 ‘melius
1141 791 1251 818 nunc
1288 777 1505 831 Uythcreu
1541 777 1682 819 (·alet.'

631 847 790 889 Pollux
823 852 913 888 tum
948 852 1099 888 caestu
1133 844 1348 888 laudatus.
1384 844 1539 886 Castor
1572 845 1770 887 habenis.

696 916 842 958 Pallas
876 922 966 956 tum
999 914 1156 958 cristis,
1190 913 1319 954 Delia
1350 918 1439 953 tum
1475 913 1713 968 pharetris:

556 996 585 1019 ¹5·
631 985 808 1027 Alcides
842 986 976 1034 clava,
1012 983 1186 1024 Mavors
1219 988 1308 1023 tum
1343 983 1445 1023 lusit
1478 983 1520 1023 in
1554 983 1693 1030 hasta,

695 1056 832 1096 Arcas
865 1059 955 1095 tum
989 1054 1122 1107 virga,
1156 1052 1335 1094 nebride
1371 1058 1460 1093 tum
1494 1052 1709 1093 Bromius.

633 1124 701 1165 hic
735 1127 779 1164 ct
808 1122 1030 1178 Pipliadas
1066 1120 1300 1162 induxerat
1333 1121 1525 1176 optimus
1559 1120 1766 1176 Orpheus

694 1192 881 1234 chordis.
916 1205 1035 1241 voce,
1069 1204 1211 1240 manu,
1247 1190 1524 1234 carminibus.
1559 1190 1749 1232 calamis.

631 1262 889 1303 ambitiosus
922 1260 1096 1316 Hymen
1130 1264 1244 1301 totas
1277 1259 1335 1300 ibi
1370 1259 1552 1300 contulit
1584 1264 1721 1301 artes:

556 1343 588 1365 2⁸·
695 1330 766 1385 qui
800 1343 883 1371 non
917 1329 1105 1384 ingenio,
1139 1329 1226 1369 fors
1259 1329 1423 1383 placuit
1455 1328 1598 1383 genio.

631 1399 885 1440 foseonnina
917 1404 1061 1440 tamen
1094 1411 1179 1439 non
1214 1403 1315 1438 sunt
1347 1397 1551 1449 admissa,
1586 1397 1836 1452 priusquam

695 1469 881 1510 intonuit
913 1468 1039 1509 solita
1071 1471 1221 1508 noster
1254 1467 1411 1522 Apollo
1446 1468 1551 1521 lyra.

1210 1663 1289 1704 XI.

1006 1754 1496 1797 EPITHALAMIUM.

631 1824 769 1884 INTER
804 1841 1020 1898 Cyaneas,
1054 1841 1290 1898 Ephyraea
1322 1843 1561 1887 cacuminaq
1597 1847 1746 1885 cautes

631 1927 715 1969 qua
748 1926 880 1968 super
911 1910 1095 1952 Idalium
1130 1911 1245 1952 levat
1277 1910 1506 1967 Orithyion
1539 1911 1581 1952 in
1614 1912 1809 1954 aethram

632 1982 756 2024 exesi
790 1981 881 2022 sale
914 1980 1072 2022 montis
1106 1994 1233 2036 apex3
1268 1980 1340 2022 ubi
1372 1980 1484 2022 forte
1518 1986 1765 2036 vagantem,

631 2051 732 2092 dum
767 2050 892 2105 fugit,
926 2054 970 2091 et
1000 2049 1095 2090 fixit
1126 2049 1323 2105 trepidus
1359 2049 1655 2106 Symplegada
1686 2050 1822 2107 Tifys‚

572 2133 585 2154 f·
631 2125 762 2176 atque
795 2123 1091 2161 recurrentem
1125 2124 1339 2161 ructatum
1374 2119 1428 2160 ad
1461 2134 1593 2162 rauca
1625 2119 1812 2162 Maleam

633 2191 724 2233 exit
754 2191 797 2231 in
830 2189 1117 2231 Isthmiacum
1151 2190 1335 2245 pelagus
1370 2189 1675 2231 claudentibus
1709 2191 1789 2231 alis

632 2274 839 2302 saxorum
871 2259 925 2302 de
958 2274 1064 2316 rupe
1099 2260 1233 2311 sinus,
1267 2274 1351 2315 quo
1385 2274 1518 2316 saepe
1551 2274 1727 2302 recessu

632 2330 694 2372 sic
725 2335 947 2385 tamquam
978 2333 1069 2371 toto
1103 2334 1228 2371 coeat
1259 2329 1312 2371 de
1348 2329 1511 2372 lumine
1547 2330 1671 2377 caeli,

632 2403 799 2441 artatur
830 2398 1016 2441 collecta
1047 2398 1141 2441 dies
1175 2399 1470 2454 tremulasque
1504 2413 1583 2455 per
1613 2398 1751 2441 undas

558 2480 590 2504 10
632 2469 877 2524 insequitur
908 2473 1080 2510 secreta
1111 2468 1225 2520 vadi,
1258 2468 1567 2510 transmittitur
1599 2469 1686 2510 alto

633 2538 834 2594 perfusus
867 2537 1098 2594 splendore
1132 2539 1254 2580 latex
1286 2538 1484 2594 miroque
1517 2538 1658 2580 relatu

633 2608 808 2665 lympha
839 2607 949 2649 bibit
981 2608 1120 2649 solem
1152 2607 1360 2663 tenuique
1394 2607 1559 2649 inserta
1590 2607 1753 2650 fluento

632 2677 827 2733 perforat
859 2677 998 2719 arenti
1031 2677 1152 2718 radio
1185 2678 1260 2718 lux
1294 2677 1412 2718 sicca
1444 2677 1670 2732 liquorem.

694 2746 888 2788 Profecit
921 2746 1065 2788 studio
1102 2747 1311 2802 spatium;
1343 2761 1442 2788 nam
1474 2746 1684 2788 Lemnius
1716 2745 1804 2786 illic

558 2827 590 2850 15
634 2830 714 2858 ceu
744 2817 956 2872 templum
988 2816 1089 2857 lusit
1111 2816 1278 2858 Veneri
1308 2816 1561 2871 fulmenque
1593 2815 1845 2870 relinquens

633 2887 701 2928 hic
733 2886 1010 2942 ferrugineus
1043 2885 1226 2927 fumavit
1259 2900 1390 2941 saepe
1422 2885 1686 2940 Pyragmon.

634 2955 703 2997 hic
735 2955 847 3011 lapis
880 2959 959 3006 est,
993 2954 1046 2996 de
1080 2954 1269 3010 quinque
1303 2955 1410 2996 locis
1443 2953 1550 2995 dans
1583 2954 1774 3009 quinque
1809 2953 1987 3004 colores.

633 3024 892 3079 Aethiopus7
925 3022 1125 3078 Frygius,
1155 3023 1327 3065 Parius.
1359 3023 1551 3075 Poenus,
1583 3022 1904 3074 Lacedaemon,

633 3107 892 3150 purpureus,
926 3092 1092 3145 viridis,
1125 3093 1385 3144 maculosus,
1419 3092 1609 3134 eburnus
1644 3095 1688 3133 et
1719 3090 1859 3133 albus.

280 3222 301 3255 G
327 3225 500 3257 cumcolor
525 3223 559 3255 P
698 3220 741 3255 10
767 3233 852 3264 quos
876 3221 954 3264 quis
980 3220 1018 3253 F
1156 3219 1198 3252 12
1223 3221 1373 3253 citharea
1396 3220 1428 3252 T
1429 3219 1493 3261 aF,
1517 3220 1666 3253 citherea
1690 3219 1721 3251 T
1724 3218 1742 3243 b
1837 3220 1928 3252 valet
1950 3218 1988 3251 F
2126 3218 2166 3251 13
2191 3219 2303 3262 pollns
2330 3216 2361 3248 P

148 3290 227 3312 euni
252 3279 290 3312 F
428 3280 472 3313 14
496 3286 517 3316 ὃ
539 3281 645 3314 tristis
669 3280 707 3312 F
845 3277 888 3311 15
914 3289 1065 3310 marvors
1089 3278 1137 3309 (¹²¹
1280 3277 1321 3310 16
1346 3278 1498 3310 bormius
1516 3277 1557 3318 P,
1582 3278 1746 3310 bromnus
1768 3278 1817 3309 Ca
1958 3276 2000 3309 17
2026 3276 2198 3320 Pipliadas
2223 3275 2344 3317 scripsi
2352 3286 2361 3312 ,-

143 3338 317 3380 pepliadas
347 3338 446 3371 codd.
600 3336 645 3370 ‘22
678 3338 788 3371 sonita
817 3349 850 3369 n.
882 3337 1018 3380 appollo
1044 3336 1082 3368 F
1230 3336 1354 3379 Incipit
1386 3336 1618 3379 epitalamium
1652 3336 1789 3367 Ruricio
1820 3340 1854 3367 et
1886 3335 2035 3367 hiberiae
2075 3335 2202 3366 dictum
2234 3333 2358 3364 subscr.

144 3395 339 3428 rubricator
368 3396 406 3428 in
433 3396 477 3437 0,·
508 3396 678 3429 INCIPIT
710 3385 997 3427 EPITALAMIV
1029 3395 1093 3426 AD
1124 3384 1313 3426 RVRICIV
1335 3395 1393 3425 ET
1426 3395 1653 3426 HIBERIAM
1688 3393 1866 3425 DICTVM
1898 3392 1940 3431 T,·
1974 3392 2143 3424 INCIPIT
2175 3391 2360 3422 EPITHA-

143 3443 295 3485 LAMIV
305 3453 355 3487 P:
373 3454 498 3497 Incipit
513 3452 793 3497 epitalamian
907 3452 1070 3484 carminis
1088 3452 1221 3483 initium
1239 3452 1441 3484 obscuritate
1455 3452 1598 3494 plenum
1722 3451 1734 3482 l
1757 3451 1902 3493 ephinea
1920 3449 1952 3481 T
2061 3447 2083 3480 ἱ)
2101 3449 2246 3480 orithion
2263 3446 2360 3479 codd.

144 3508 168 3542 4
195 3515 229 3544 et
258 3511 334 3544 fixit
363 3512 517 3554 trepidus
550 3511 605 3552 (tr.
631 3523 704 3553 sup.
730 3510 830 3551 vers.)
861 3510 897 3542 in
922 3521 1006 3551 ras„
1038 3521 1113 3551 sup.
1144 3515 1178 3542 et
1209 3521 1273 3541 scr.
1301 3520 1361 3552 pro
1393 3510 1494 3541 etiam
1526 3508 1575 3540 Τ2
1681 3508 1891 3551 sympleiada
1918 3508 1953 3547 Ο,
1986 3505 2184 3548 simpleiada
2208 3503 2249 3544 P,
2282 3505 2358 3535 sim-

146 3567 281 3610 pleiaga
305 3567 370 3600 TF
481 3568 503 3600 5
527 3580 552 3601 r.
571 3566 628 3610 m.]
655 3569 772 3601 anrica
789 3568 881 3600 mala
897 3579 970 3600 eam
990 3567 1027 3599 F
1116 3579 1144 3599 r.
1165 3570 1185 3598 5
1204 3572 1282 3598 (mie.
1298 3579 1327 3598 r.
1346 3570 1367 3598 4
1386 3566 1591 3608 ponendum
1616 3577 1684 3598 esse
1711 3565 1904 3607 suspicatur
1921 3563 2108 3596 Buecheler
2225 3560 2246 3592 ss
2272 3561 2359 3593 hith-

148 3625 295 3657 miacum
326 3625 426 3667 TOF,
459 3626 709 3658 thithimiacum
737 3625 770 3657 P
908 3624 952 3657 10
983 3623 1076 3666 vadi]
1110 3625 1189 3656 mali
1215 3624 1252 3656 F
1387 3623 1429 3655 11
1457 3635 1503 3656 an
1528 3622 1746 3665 mirumque?
1770 3621 1862 3663 (ilem
1886 3620 2006 3662 Molaer)
2155 3617 2198 3651 13
2222 3618 2305 3650 arati
2334 3617 2363 3648 P

146 3682 282 3715 lieorem
308 3681 374 3724 Tb,
398 3694 510 3716 eorem
535 3683 586 3715 Ta
714 3682 758 3716 14
782 3684 952 3726 lempnius
977 3682 1044 3723 TP,
1068 3683 1180 3715 lenius
1198 3682 1235 3714 F
1362 3680 1404 3714 17
1430 3682 1464 3714 hi
1483 3681 1517 3712 P
1643 3680 1686 3712 18
1712 3680 1901 3722 Aethiopus
1921 3678 2072 3710 C'olvc'us:
2099 3676 2262 3718 Aethiops
2287 3674 2359 3715 TIr',

147 3741 326 3784 Aet-hyops
354 3742 414 3774 GP

2016 3801 2088 3836 29*
