2583 4011
1016 179 1077 211 Vll
1109 190 1138 212 v.
1166 181 1226 214 >1:51
1262 199 1298 203 >·
1329 190 1358 212 v,
1384 182 1461 215 315».
2259 186 2338 224 ’215

628 307 694 332 res
729 292 906 334 Geticas
940 294 1061 336 olim:
1097 296 1178 335 scis
1213 305 1254 335 te
1291 296 1482 336 nescisse
1516 298 1766 351 frequenter

627 376 737 416 quae
772 364 886 403 suasi
922 364 1004 404 nisi
1037 365 1164 404 facta.
1227 372 1369 405 tamen
1403 367 1575 405 fortuna
1609 367 1792 420 priorem

627 430 817 486 abripuit
850 432 1045 485 genium:
1081 432 1207 487 periit
1238 433 1539 488 quodcumque
1576 434 1774 475 merebar

534 507 581 530 ⁴⁷³·
629 513 724 539 eum
759 501 957 554 genitore
991 507 1078 543 tuo.
1141 501 1390 542 Narbonem
1426 503 1524 543 tabe
1559 504 1745 544 solutum

626 568 837 610 ambierat
870 576 935 624 (tu
971 585 1129 626 parvus
1163 579 1295 617 eras).
1331 571 1594 627 trepidantia
1627 573 1807 627 cingens

628 639 741 679 milia
778 641 818 680 in
854 640 1038 682 infames
1077 641 1159 681 iani
1194 642 1366 696 iainque
1401 647 1606 696 coegerat
1638 658 1779 684 escas:

628 708 710 748 iam
744 709 881 750 tristis
915 710 1114 765 propriae
1149 710 1356 751 credebat
1390 711 1537 752 defore
1571 711 1773 767 praedae.

624 778 656 818 si
691 778 862 820 clausus
896 781 1082 820 fortasse
1117 781 1243 836 perit,
1277 795 1373 821 cuni
1410 788 1553 821 nostra
1588 782 1786 837 probavit

534 855 581 878 Ν»
626 847 803 888 consilia
841 854 883 889 et
918 850 1068 903 refugo
1104 850 1267 891 laxavit
1301 851 1473 891 moenia
1507 851 1636 893 bello.

626 920 754 972 teque
788 917 929 973 ipsum
965 920 1085 971 (sunt
1117 934 1218 960 ecce
1255 930 1403 966 senes)
1441 921 1517 960 lioe
1553 927 1728 976 peetore
1764 921 1915 961 fultum

628 984 709 1026 hae
743 986 919 1027 flentem
956 996 1136 1029 tenuere
1172 1003 1337 1031 manus.
1373 990 1406 1029 si
1441 990 1622 1030 forsitan
1656 990 1785 1030 altrix

626 1061 667 1095 te
703 1055 818 1099 inihi,
853 1070 947 1097 cuin
983 1057 1134 1101 nolles.
1169 1059 1417 1100 lactandum
1454 1060 1642 1102 tolleret.
1704 1074 1806 1101 eece

625 1123 810 1164 advenio
843 1130 887 1165 et
919 1126 1050 1181 prisci
1086 1134 1237 1183 repeto
1273 1128 1398 1169 modo
1432 1129 1590 1184 pignus
1623 1129 1794 1169 amoris.

537 1201 585 1224 ⁴³³·
632 1193 665 1233 si
701 1193 778 1234 tibi
813 1195 932 1236 nulla
964 1195 1087 1247 fides,
1122 1197 1239 1237 nulla
1274 1204 1340 1238 est
1374 1199 1615 1239 reverentia
1651 1199 1799 1253 patris,

626 1263 636 1302 i
670 1262 802 1304 durus
835 1278 1075 1320 pacemque
1108 1266 1263 1321 nega.u
1328 1268 1566 1323 prorumpit
1597 1268 1650 1308 ab
1685 1268 1798 1308 omni

627 1346 818 1373 murmur
851 1334 1033 1375 concilio
1066 1335 1351 1391 fremitusque
1385 1342 1427 1377 et
1461 1337 1626 1392 proelia
1657 1336 1868 1378 damnans

627 1400 831 1443 seditiosa
866 1404 952 1445 ciet
985 1404 1241 1446 concordem
1278 1406 1404 1446 turba
1435 1407 1681 1448 tumultum.

626 1477 715 1511 tum
752 1485 829 1512 rex
863 1473 1041 1514 effatur:
1092 1473 1296 1524 “dudum,
1330 1474 1417 1515 dux
1453 1475 1612 1527 inclite.
1647 1476 1774 1530 culpo

534 1548 584 1571 ⁴⁴³⁰
628 1553 811 1595 poscere
845 1546 886 1582 te
919 1556 1073 1598 pacem
1109 1548 1315 1593 nostram,
1349 1559 1445 1586 cum
1480 1559 1638 1600 cogere
1674 1545 1812 1600 possis

628 1611 869 1664 servitium,
904 1612 1077 1655 trahere
1111 1628 1160 1655 ac
1195 1614 1377 1669 populos
1411 1615 1453 1655 in
1489 1615 1605 1656 bella
1638 1629 1862 1669 sequaces.

629 1695 696 1727 ne,
730 1696 907 1736 quaeso,
941 1681 1150 1724 invidiam
1184 1683 1324 1739 patrio
1359 1683 1463 1724 mihi
1497 1684 1670 1724 nomine
1703 1683 1866 1724 inuras:

630 1750 731 1805 quid
766 1765 948 1797 mereor,
983 1752 1017 1792 si
1052 1752 1171 1793 nulla
1204 1752 1355 1794 iubes?
1389 1751 1575 1793 suadere
1609 1752 1688 1792 sub
1722 1752 1795 1792 illo

631 1819 746 1874 quod
779 1825 968 1875 poteras,
1002 1820 1127 1862 modo
1161 1821 1274 1863 velle
1308 1826 1376 1863 sat
1407 1826 1487 1866 est,
1522 1822 1747 1876 solumque
1781 1830 1984 1862 moratur.

540 1898 588 1921 ⁴¹³5·
633 1889 746 1944 quod
779 1890 928 1945 cupias
961 1891 1156 1932 nescisse
1191 1890 1340 1932 Getas.
1403 1891 1505 1932 mihi
1539 1891 1724 1933 Romula
1758 1890 1917 1932 dudum

630 1973 710 2014 per
741 1963 784 2000 te
818 1959 912 2000 iura
943 1960 1133 2015 placent,
1166 1974 1435 2016 parvumque
1469 1960 1666 2002 ediscere
1700 1961 1825 2002 iussit

627 2027 681 2069 ad
715 2032 789 2069 tua
820 2029 956 2070 verba
988 2033 1126 2084 pater,
1161 2029 1291 2071 docili
1324 2044 1406 2085 quo
1439 2031 1584 2086 prisea
1615 2029 1809 2071 Maronis

629 2097 819 2139 carmine
853 2098 1042 2139 molliret
1076 2098 1307 2154 Scythicos
1340 2099 1444 2140 mihi
1478 2099 1638 2155 pagina
1671 2113 1832 2140 mores:

628 2167 710 2208 iam
744 2181 897 2223 pacem
929 2172 1021 2208 tum
1056 2168 1169 2210 velle
1204 2168 1346 2211 doces,
1410 2168 1486 2210 sed
1521 2169 1710 2224 percipe,
1744 2183 1855 2224 quae
1891 2169 1946 2209 sit

535 2247 584 2266 ³0¹·
627 2235 820 2278 condicio
854 2236 1074 2292 obsequii:
1112 2237 1258 2278 forsan
1291 2243 1384 2279 rata
1420 2241 1548 2293 pacta
1580 2237 1800 2293 probabis,

628 2310 778 2347 testor.
811 2305 963 2357 Roma,
996 2310 1117 2348 tuum
1150 2307 1278 2348 nobis
1311 2308 1563 2349 venerabile
1597 2321 1755 2349 nomen

628 2379 670 2417 et
703 2375 870 2416 socium
903 2375 957 2417 de
989 2375 1131 2417 Marte
1165 2390 1305 2431 genus
1339 2376 1427 2431 (vel
1462 2377 1665 2432 quicquid
1698 2377 1752 2418 ab
1791 2392 1915 2429 aevo,

627 2444 687 2486 nil
721 2448 763 2486 te
795 2443 982 2486 mundus
1015 2445 1151 2488 habet
1182 2446 1353 2498 melius,
1387 2447 1446 2487 nil
1479 2447 1575 2502 ipsa
1607 2446 1799 2502 senatu),

629 2528 697 2556 me
729 2528 882 2571 pacem
917 2529 1092 2557 servare
1127 2515 1206 2557 tibi
1238 2517 1309 2557 vel
1342 2517 1455 2558 velle
1488 2516 1666 2558 abolere

535 2594 583 2617 ⁵051
633 2598 744 2640 quae
777 2589 926 2627 noster
959 2586 1158 2641 peccavit
1190 2600 1310 2637 avus,
1345 2600 1472 2642 quem
1507 2586 1650 2628 fuscat
1683 2585 1725 2626 id
1757 2600 1902 2627 unum.

632 2653 745 2709 quod
778 2658 835 2707 te,
867 2654 1021 2707 Roma,
1055 2655 1189 2711 capit:
1225 2655 1301 2697 sed
1334 2655 1377 2697 di
1411 2656 1444 2697 si
1479 2660 1582 2698 vota
1615 2655 1869 2697 secundant.

629 2723 797 2766 excidii
830 2724 991 2767 veteris
1026 2725 1188 2768 crimen
1221 2740 1408 2782 purgare
1442 2725 1605 2767 valebit

629 2794 735 2835 ultio
768 2794 1028 2850 praesentis,
1062 2795 1096 2836 si
1131 2799 1189 2845 tu5
1224 2794 1313 2836 dux
1345 2795 1510 2846 inclite,
1544 2795 1683 2837 solum

630 2863 820 2918 Augusti
852 2863 1012 2905 subeas
1046 2877 1223 2905 nomen.
1285 2863 1386 2918 quid
1419 2863 1584 2905 lumina
1615 2864 1754 2905 flectis
1767 2868 1784 2904 ¹!

537 2943 586 2966 51U
631 2932 813 2974 invitum
844 2933 944 2988 plus
977 2946 1073 2974 esse
1106 2932 1247 2974 decet.
1312 2946 1397 2974 non
1431 2933 1626 2988 cogimus
1660 2933 1787 2984 istud,

630 3001 707 3043 sed
740 3006 1056 3043 contestamur:
1101 3001 1268 3043 Romae
1304 3016 1399 3043 sum
1432 3007 1474 3044 te
1507 3002 1617 3044 duce
1651 3003 1828 3046 amicust

628 3071 822 3128 principe
854 3075 897 3113 te
932 3072 1072 3113 miles.
1137 3085 1318 3126 regnum
1351 3085 1437 3112 non
1470 3071 1686 3127 praeripis
1718 3071 1808 3112 ulli.

630 3155 712 3182 nec
744 3141 975 3196 quisquam
1008 3140 1158 3182 Latias
1192 3141 1421 3196 Augustus
1454 3140 1654 3196 possidet
1685 3154 1829 3189 arces:

631 3224 715 3265 qua
746 3215 887 3262 vacat,
922 3211 1022 3252 aula
1054 3214 1127 3252 tua
1161 3215 1240 3251 est.
1304 3214 1454 3261 testor„
1488 3224 1574 3251 non
1607 3210 1767 3251 sufficit
1798 3209 1925 3261 istud,

537 3290 586 3313 51³
629 3293 683 3321 ne
716 3293 917 3323 noceam:
951 3283 1082 3334 atque
1116 3284 1188 3320 tuo
1223 3279 1303 3320 hoc
1337 3280 1502 3320 utinam
1537 3278 1783 3321 diademate
1817 3280 1904 3320 fiat.

280 3395 349 3430 473
373 3398 408 3430 ni
426 3397 468 3429 M
551 3398 639 3430 facta
664 3408 684 3429 a
701 3395 764 3428 Ma
896 3394 965 3427 4Ῑ4
990 3396 1134 3438 arripuit
1158 3395 1217 3427 'IL'
1345 3394 1413 3427 475)
1438 3395 1589 3427 narbone
1608 3395 1644 3427 1³
1771 3394 1838 3428 476
1864 3397 1999 3438 tingens
2018 3395 2054 3427 F
2180 3393 2244 3426 -HT
2272 3395 2349 3425 iam-

142 3454 220 3498 que]
248 3456 316 3489 iam
339 3456 377 3488 F
541 3453 610 3487 479
633 3455 682 3487 sic
706 3455 823 3487 lausus
839 3454 883 3486 ὖ]
997 3455 1094 3497 periit
1119 3465 1197 3486 cum
1223 3459 1333 3486 vestra
1352 3453 1389 3485 F
1553 3451 1616 3485 481
1652 3454 1776 3486 fultum
1800 3453 1870 3493 ΤΕ,
1901 3455 2006 3485 fatum
2033 3451 2107 3492 Mu,
2141 3453 2247 3483 fotum
2276 3449 2349 3489 Mb,

133 3513 289 3555 fortasse
312 3519 399 3546 recte
538 3511 605 3545 482
630 3511 707 3555 hae]
735 3518 767 3545 te
785 3512 823 3544 F
911 3513 1042 3544 fleetem
1061 3511 1104 3543 M
1194 3512 1298 3543 sorsin
1322 3511 1363 3542 M
1501 3509 1569 3543 483
1599 3509 1645 3553 te]
1672 3517 1755 3544 tunc
1772 3511 1810 3544 F
1898 3511 1984 3543 nolis
2001 3510 2040 3542 M
2179 3508 2244 3541 487
2271 3520 2347 3540 con-

142 3570 218 3603 Silio
241 3570 274 3602 T
337 3571 577 3613 fremitumque
595 3570 640 3602 M
759 3568 826 3602 488
851 3570 969 3602 seditio
994 3570 1099 3602 saciet
1123 3569 1289 3601 concorde
1310 3568 1351 3599 ill
1427 3568 1508 3600 tuba
1526 3568 1564 3600 F
1685 3567 1751 3600 491
1777 3568 1831 3611 ac]
1857 3569 1898 3601 ad
1917 3568 1954 3600 lv'
2073 3566 2141 3599 492
2165 3567 2293 3598 iniuras
2311 3565 2353 3596 M

142 3625 209 3661 496
243 3639 387 3671 parvum
419 3640 506 3671 quae
530 3628 641 3661 dicere
664 3627 708 3659 M
857 3625 925 3659 497
950 3627 981 3659 d.
1007 3625 1052 3669 q.]
1086 3627 1228 3659 docilico
1254 3626 1283 3658 G
1433 3624 1503 3658 500
1535 3624 1619 3668 obs]
1653 3626 1758 3658 officii
1788 3625 1837 3657 Ta
1991 3623 2055 3657 501
2093 3634 2219 3656 numen
2249 3623 2347 3664 ‘culgso

146 3683 214 3719 502
238 3690 346 3719 morte
369 3686 412 3717 M
417 3692 435 3710 ἢ
597 3684 664 3718 506
698 3685 743 3717 dii
764 3684 828 3717 CF
939 3684 1128 3717 secundent
1144 3683 1185 3715 M
1193 3689 1209 3706 a
1372 3681 1438 3716 507
1472 3683 1599 3715 crimen
1632 3683 1753 3716 veteris
1777 3682 1809 3714 T
1963 3680 2026 3714 511
2061 3685 2303 3714 cumtestamur
2324 3679 2356 3712 T

144 3754 170 3775 s.
195 3741 232 3786 t.]
259 3748 414 3787 sumptae
442 3743 470 3776 (J
605 3741 673 3776 4312
697 3743 816 3787 arripis
840 3742 884 3773 M
1019 3740 1087 3774 515
1111 3747 1169 3774 tuo
1195 3752 1259 3773 om.
1284 3740 1316 3772 T
1409 3741 1473 3773 hoc
1498 3752 1561 3773 om.
1586 3741 1629 3772 M
