2583 4011
237 179 283 217 16
1051 172 1231 206 SIDONII
1256 170 1598 205 EPISTULARUM

234 288 422 329 amicitia
455 301 550 328 mea
586 288 653 327 vcl
687 301 966 342 praesumere
1000 290 1092 326 tuta
1123 286 1191 326 vcl
1224 286 1377 326 illaesa
1399 285 1592 326 credere.
1646 298 1727 339 ego
1752 298 1853 325 vero
1877 283 2072 324 notitiam
2095 283 2175 324 viri
2197 283 2418 324 familiari-

229 364 446 410 tatemque
481 369 566 395 non
600 355 738 395 solum
762 356 911 396 volens
945 354 1021 395 sed
1055 359 1097 395 et
1129 354 1279 394 avidus
1312 355 1563 409 amplector,
1597 353 1755 408 quippe
1778 352 1850 407 qui
1871 353 2066 394 noverim
2088 357 2280 393 nostram
2311 366 2417 406 quo—

231 440 311 480 quc
345 425 526 478 gratiam
570 424 649 464 hoc
684 425 890 478 obsequio
931 438 1026 464 mco
1069 424 1159 464 fore
1199 424 1521 478 copulatiorem.
1593 421 1669 463 scd
1702 426 1746 462 et
1778 425 1824 462 tu
1854 421 2105 475 vigilantiae
2139 435 2242 462 sua-e
2276 435 2344 461 me
2376 419 2419 460 id

230 499 295 533 cst
328 493 467 533 famae
501 507 622 533 meac
656 497 812 533 statum
837 505 1098 545 causamque
1123 491 1389 531 commenda.
1436 504 1589 531 vereor
1611 494 1771 540 autem,
1804 503 1857 529 ne
1887 489 2044 529 famem
2066 489 2217 544 populi
2236 488 2420 529 Romani

232 562 456 602 theatralis
500 575 661 601 caveae
702 561 847 614 fragor
886 561 1057 600 insonet
1088 564 1131 601 et
1168 559 1402 599 infortunio
1445 572 1541 599 meo
1581 557 1755 613 publica
1797 556 2030 612 deputetur
2068 557 2249 598 esuries.
2313 570 2416 597 sane
2470 571 2485 595 ⁵

232 630 341 669 hunc
375 630 512 684 ipsum
547 644 568 670 c
602 629 785 682 vestigio
819 627 872 668 ad
905 633 1076 682 portum
1108 628 1278 668 mittere
1312 642 1430 682 paro,
1464 626 1564 681 quia
1597 627 1773 681 conperi
1804 640 1936 667 naves
1971 626 2158 681 quinque
2188 624 2419 666 Brundisio

230 699 447 753 profectas
483 712 577 738 cum
613 697 842 752 speciebus
881 696 1009 736 tritici
1050 710 1099 736 ac
1132 696 1272 736 mellis
1313 697 1424 736 ostia
1455 695 1660 736 Tiberina
1700 695 1926 749 tetigisse,
1969 709 2147 749 quarum
2180 708 2311 735 onera
2343 708 2420 734 ex-

232 767 466 821 pectationi
500 766 653 821 plebis.
687 766 722 805 si
755 764 854 819 qnid
888 770 1063 805 strenue
1097 765 1230 818 gerit,
1263 765 1416 820 raptim
1449 765 1579 805 faciet
1612 764 1780 816 offerri,
1814 763 2191 805 commendaturus
2225 777 2271 804 se
2303 762 2421 814 mihi,

232 850 299 876 me
333 835 506 890 populo.
540 840 770 888 utrumque
804 834 896 874 tibi.
958 833 1067 874 vale.

162 429 185 466 10

1250 945 1330 988 XI.

779 1035 1059 1078 SIDONIUS
1093 1036 1325 1078 MONTIO
1360 1036 1473 1078 SUO
1508 1036 1802 1077 SALUTEM.
2459 1037 2491 1062 ¹⁰

166 1133 177 1169 l
368 1117 510 1177 Pms
551 1135 647 1182 tibi,
704 1135 767 1174 vir
809 1134 1118 1181 disertissime,
1176 1134 1401 1189 Sequanos
1447 1139 1545 1175 tuos
1585 1135 1831 1190 expetituro
1879 1135 2053 1175 satiram
2092 1134 2239 1175 nescio
2281 1148 2421 1189 quam,

230 1205 262 1243 si
297 1204 351 1243 sit
383 1219 406 1244 a
439 1204 564 1244 nobis
598 1203 861 1258 perscripta.
895 1202 1140 1244 transmitti.
1203 1202 1314 1256 quod
1348 1202 1521 1256 quidem
1564 1207 1606 1244 te
1649 1203 1898 1258 postulasse
1938 1203 2145 1250 demiror;
2185 1217 2269 1243 non
2309 1203 2423 1243 enim

232 1279 429 1312 sanctum
463 1283 549 1315 est.
590 1278 636 1312 ut
668 1271 720 1312 de
753 1271 946 1311 moribus
980 1271 1103 1311 amici
1138 1271 1222 1311 cito
1257 1285 1486 1325 perperam
1520 1272 1697 1314 sentias.
1758 1271 1858 1312 huic
1892 1286 2010 1313 eram
2041 1271 2223 1312 themati
2255 1271 2424 1312 scilicet

230 1341 511 1381 incubaturus
545 1341 589 1381 id
620 1341 703 1381 iam
735 1354 870 1394 agens
904 1340 978 1380 otii
1008 1339 1137 1394 idque
1169 1339 1336 1380 habens
1367 1340 1477 1391 aevi,
1509 1340 1622 1394 quod
1644 1341 1845 1382 iuvenem
1867 1340 2211 1394 militantemque
2235 1339 2422 1380 dictasse

229 1411 623 1465 praesumptiosum
656 1408 821 1459 fuisset,
852 1407 1101 1462 publicasse
1135 1412 1279 1449 autem
1311 1408 1637 1462 periculosum?
1679 1409 1747 1450 cui
1778 1423 1963 1464 namque
1995 1408 2323 1464 grammaticum
2353 1407 2424 1449 vel
2461 1415 2492 1441 15

233 1479 435 1519 salutanti
470 1478 655 1519 Calaber
686 1477 758 1518 ille
791 1491 877 1518 non
909 1476 1038 1517 dixit:

562 1558 627 1598 ''si
658 1557 791 1598 mala
824 1556 1129 1597 condiderit
1160 1557 1214 1597 in
1247 1571 1402 1612 quem
1435 1558 1550 1612 quis
1583 1559 1834 1612 carmina,
1866 1559 1946 1600 ius
1979 1563 2057 1601 est

568 1623 979 1679 iudici11111q11e?'

163 1708 186 1745 ‘2
235 1706 309 1748 sed
353 1721 406 1748 ne
451 1706 553 1762 quid
595 1707 708 1747 ultra
748 1710 794 1746 tu
825 1704 878 1746 de
920 1704 1057 1745 sodali
1099 1705 1237 1746 simile
1280 1705 1452 1756 credas,
1500 1705 1602 1760 quid
1629 1706 1759 1747 fuerit
1796 1706 1927 1759 illud,
1974 1705 2087 1761 quod
2123 1721 2191 1748 me
2227 1707 2424 1748 sinistrae

231 1790 375 1816 rumor
407 1790 454 1816 ac
488 1775 628 1816 fumus
664 1774 878 1830 opinionis
910 1773 1087 1820 afflavit,
1121 1774 1293 1827 longius
1325 1775 1454 1830 paulo
1488 1774 1563 1816 sed
1595 1775 1648 1816 ab
1673 1775 1839 1830 origine
1864 1790 2093 1831 exponam.
2154 1775 2424 1832 temporibus
2460 1792 2495 1817 20

228 1844 415 1899 Augusti
438 1844 662 1885 Maioriani
686 1844 805 1884 venit
834 1843 878 1883 in
910 1842 1100 1883 medium
1133 1842 1281 1883 charta
1314 1843 1576 1895 comitatum,
1611 1844 1687 1885 sed
1706 1858 1857 1885 carens
1879 1844 2035 1896 indice,
2068 1858 2271 1886 versuum
2295 1845 2426 1900 plena

230 1913 498 1953 satiricorum
530 1912 809 1963 mordacium,
843 1925 945 1952 sane
975 1911 1046 1966 qui
1082 1912 1186 1952 satis
1218 1913 1538 1954 invectivaliter
1569 1913 1693 1954 abusi
1724 1913 1945 1954 nominum
1978 1912 2171 1954 nuditate
2190 1912 2428 1968 carpebant

228 1981 458 2036 plurimum
480 1981 598 2032 vitia,
631 1982 727 2036 plus
750 1981 963 2021 homines,
1025 1980 1137 2021 inter
1168 1981 1276 2022 haec
1306 1982 1493 2023 fremere
1515 1981 1813 2033 Arelatenses,
1835 1996 1917 2037 quo
1940 1983 2026 2023 loci
2045 1996 2114 2023 res
2133 1982 2358 2037 agebatur,
2383 1985 2427 2023 et

230 2064 453 2104 quaerere,
488 2064 615 2104 quem
647 2054 875 2105 poetarum
907 2048 1067 2104 publici
1097 2049 1253 2090 furoris
1278 2050 1432 2091 merito
1457 2050 1625 2105 pondus
1644 2055 1833 2105 urgeret,
1865 2051 1932 2092 his
1949 2052 2139 2092 maxime
2162 2050 2425 2102 auctoribus,

161 2120 183 2157 3
229 2132 335 2172 quos
367 2119 480 2159 notis
514 2120 641 2160 certis
665 2124 816 2159 auctor
838 2118 1029 2158 incertus
1056 2118 1410 2161 exacerbaverat.
1457 2119 1612 2160 accidit
1636 2134 1751 2171 casu,
1783 2124 1830 2160 ut
1848 2119 2089 2161 Catullinus
2112 2120 2304 2160 inlustris
2325 2123 2427 2161 tunc
2461 2134 2495 2161 25

229 2186 282 2226 ab
315 2186 524 2227 Arvernis
557 2188 629 2228 illo
648 2188 828 2238 veniret,
863 2201 959 2227 cum
992 2200 1163 2242 semper
1194 2188 1300 2228 mihi
1331 2192 1421 2228 tum
1452 2189 1687 2244 praecipue
1721 2188 1971 2230 commilitio
2003 2188 2169 2229 recenti
2189 2187 2427 2230 familiaris.

230 2270 360 2310 saepe
389 2256 503 2296 enim
530 2256 646 2297 cives
671 2257 809 2310 magis
833 2256 995 2297 amicos
1019 2257 1310 2312 peregrinatio
1334 2258 1447 2299 facit.
1495 2258 1627 2312 igitur
1649 2258 1829 2299 insidias
1861 2258 2077 2299 nescienti
2098 2262 2187 2298 tam
2209 2257 2428 2299 Paeonius

230 2338 357 2378 quam
373 2323 581 2378 Bigerrus
603 2325 680 2365 has
697 2325 989 2376 tetenderunt,
1016 2330 1063 2366 ut
1081 2326 1276 2381 plurimis
1295 2341 1439 2367 coram
1463 2331 1682 2381 tamquam
1705 2327 1758 2368 ab
1784 2328 1956 2368 incauto
1976 2325 2312 2378 sciscitarentur,
2345 2325 2428 2367 hoc

229 2406 386 2432 novum
419 2407 592 2434 carmen
625 2408 678 2433 an
709 2398 1058 2448 recognosceret.
1127 2399 1170 2435 et
1210 2396 1305 2436 ille:
1345 2396 1396 2436 ‘si
1428 2394 1653 2437 dixeritis'.
1715 2410 1898 2451 cumque
1937 2395 2076 2436 frusta
2106 2394 2276 2436 diversa
2306 2395 2430 2450 quasi

230 2474 307 2514 per
338 2460 480 2501 iocum
513 2461 808 2514 effunderent,
849 2463 1030 2503 solvitur
1062 2462 1305 2504 Catullinus
1338 2464 1381 2504 in
1413 2465 1547 2505 risum
1580 2464 1973 2520 intempestivoque
2007 2464 2211 2518 suffragio
2244 2463 2430 2505 clamare
2466 2477 2500 2502 30

372 2632 412 2665 17
439 2632 563 2666 Horat.
591 2635 658 2667 sat.
684 2633 729 2674 H,
757 2634 787 2675 1,
813 2633 857 2667 82
882 2645 934 2677 sq.

367 2723 384 2755 1
419 2726 569 2757 amicicia
605 2726 668 2758 CF
801 2733 873 2759 tuta
917 2737 1131 2769 praesumere
1167 2723 1210 2765 C,
1260 2737 1473 2769 praesumere
1510 2727 1580 2758 vita
1616 2726 1648 2758 L
1790 2727 1908 2760 illaesa
1943 2740 2006 2760 om.
2037 2732 2123 2770 spat.
2157 2729 2177 2759 7
2205 2727 2264 2760 litt.
2297 2738 2368 2759 vae.
2399 2726 2432 2758 L

230 2804 386 2835 noticiam
416 2804 478 2835 CF
619 2804 640 2837 2
666 2811 698 2838 et
722 2818 784 2838 om.
812 2806 849 2838 F
936 2805 1014 2838 inde
1040 2806 1081 2837 ab
1106 2806 1290 2848 amplector
1314 2806 1407 2847 epist.
1440 2805 1545 2837 exitus
1562 2811 1706 2848 praeter
1730 2818 1767 2839 ra
1791 2818 1896 2850 expec
1919 2831 1926 2839 .
1943 2832 1950 2839 .
1967 2831 1974 2839 .
2000 2818 2043 2839 ue
2068 2807 2156 2849 gerit
2179 2807 2301 2849 raptim
2325 2807 2359 2838 fa.
2375 2830 2383 2838 .
2399 2831 2406 2838 .
2421 2803 2429 2810 ¹

230 2890 326 2915 turus
351 2895 385 2915 se
407 2885 488 2915 mihi
512 2896 564 2917 ine
589 2886 712 2927 populo
737 2885 805 2927 def.
829 2886 863 2916 ἰη
884 2884 922 2916 F
1057 2883 1080 2916 4
1104 2896 1308 2927 causamque
1330 2884 1477 2927 LJITP,
1503 2887 1693 2928 famamque
1721 2886 1749 2918 C
1882 2886 1903 2919 6
1927 2888 2074 2930 comperi
2102 2885 2242 2919 MTCP
2329 2886 2432 2919 brun-

231 2964 326 2995 dusio
352 2963 383 2995 L
569 2963 587 2996 7
619 2966 728 2997 hostia
753 2963 826 2997 „ilc
936 2966 1091 3008 tyberina
1119 2965 1148 2997 C
1260 2965 1386 2998 honera
1414 2965 1442 2997 Ο
1622 2964 1644 2998 8
1674 2972 1831 3000 strenuae
1860 2967 1888 2999 O
1999 2967 2106 3009 egerit
2136 2966 2169 2997 T
2277 2966 2382 2998 michi
2407 2966 2437 2999 0

235 3042 275 3074 11
303 3043 536 3076 dissertissime
570 3043 642 3086 (pr.
667 3057 682 3077 s
708 3057 796 3077 eras.
825 3044 887 3086 6¹2)
905 3045 932 3077 C
999 3050 1144 3087 satyram
1176 3045 1207 3075 T
1204 3044 1241 3076 F
1375 3043 1418 3076 13
1443 3046 1572 3077 sencias
1594 3046 1622 3078 C
1758 3045 1801 3078 14
1826 3018 2068 3089 militaxtlemque
2084 3046 2132 3079 0¹
2274 3044 2316 3079 15
2339 3057 2433 3089 prae-

232 3124 452 3165 sumptiosum
492 3124 523 3155 (o
553 3124 589 3156 in
622 3137 690 3157 ras.
717 3125 760 3156 ,ll
770 3124 794 3165 ¹)
818 3124 878 3166 JI,
919 3129 1236 3166 praesumptuosum
1259 3124 1307 3163 F,
1345 3125 1627 3167 praesumtiosum
1651 3125 1683 3157 L
1821 3137 1957 3168 nanque
1982 3125 2027 3156 M
2157 3125 2375 3167 grammatico
2400 3124 2439 3157 F

234 3201 275 3232 19
302 3214 367 3244 quo
396 3203 527 3235 (j'olvsius
666 3203 826 3251 21001·ῐᾶ
853 3204 920 3245 CF,
947 3205 1061 3236 cartha
1078 3204 1109 3236 L
1248 3203 1292 3236 22
1317 3205 1538 3247 satyricorum
1559 3205 1601 3236 M
1607 3205 1676 3244 TF,
1703 3217 1766 3237 om.
1784 3211 1926 3247 praeter
1951 3216 2046 3237 orum
2071 3210 2156 3246 spat.
2184 3207 2204 3236 7
2229 3205 2288 3237 litt.
2312 3216 2384 3237 vac.
2401 3204 2433 3237 L

231 3281 432 3313 xnordatium
458 3282 494 3313 F
606 3256 842 3316 invectiialiter
867 3283 931 3325 1⁴⁷²,
970 3283 1215 3315 invectivaliter
1245 3282 1314 3323 (iva
1348 3284 1384 3315 rin
1414 3295 1484 3315 ras.
1510 3283 1554 3315 M
1558 3282 1585 3325 ²)
1616 3283 1661 3315 M
1772 3250 1985 3317 nunuditate
2017 3281 2055 3325 (4
2080 3283 2140 3330 lin:
2173 3294 2262 3317 eras.
2287 3284 2349 3327 P²‚
2373 3250 2431 3318 tate

234 3372 321 3392 corr.
348 3372 387 3393 ea:
411 3369 443 3393 ta
469 3362 535 3403 P1)
562 3362 595 3393 P
752 3361 797 3395 23
821 3364 908 3395 inter
933 3363 1015 3395 haec
1040 3362 1116 3394 LM
1121 3362 1152 3393 T
1151 3362 1221 3404 GP,
1251 3364 1378 3396 interea
1403 3363 1440 3395 F
1550 3364 1741 3406 agitabatur
1766 3363 1799 3395 P
1960 3361 2005 3395 25
2029 3334 2157 3396 accidat
2187 3363 2237 3394 T²
2353 3369 2430 3396 ante

231 3440 372 3472 illustris
399 3441 458 3482 less.
484 3442 536 3473 vir
562 3442 596 3473 iu
629 3442 669 3482 T,
686 3443 775 3484 fort.
800 3448 886 3474 recte
1002 3443 1142 3474 illustris
1171 3441 1344 3475 MTCFP
1456 3443 1558 3475 michi
1586 3443 1615 3475 C
1786 3441 1829 3474 27
1855 3443 1945 3475 enim
1969 3443 2060 3475 cives
2085 3467 2092 3474 .
2113 3468 2119 3474 .
2139 3469 2144 3475 .
2165 3467 2172 3475 .
2197 3441 2242 3475 29
2266 3453 2430 3486 recognos

226 3525 367 3560 praeter
393 3520 471 3551 facit
497 3521 641 3552 ...nius
667 3532 768 3563 quam
793 3522 827 3553 bi
847 3546 945 3553 .....
974 3523 1036 3554 mis
1064 3533 1175 3554 coram
1205 3527 1369 3564 tanquam
1396 3547 1403 3554 .
1419 3547 1425 3554 .
1443 3547 1471 3555 ..
1499 3528 1554 3555 tur
1585 3523 1649 3555 hoc
1677 3529 1804 3555 novum
1837 3522 1905 3564 def.
1930 3522 1967 3553 in
1992 3522 2029 3554 F
2123 3523 2203 3555 facit
2231 3523 2336 3565 igitur
2364 3534 2428 3555 om.

233 3604 321 3640 spat.
349 3602 368 3630 9
394 3599 453 3631 litt.
479 3611 549 3631 vac.
575 3599 606 3631 L
751 3599 795 3632 28
821 3601 973 3643 plurimis
999 3600 1042 3643 (is
1066 3602 1102 3634 in
1126 3614 1194 3634 ras.
1222 3600 1297 3643 λβ)
1323 3601 1368 3633 M
1515 3600 1560 3634 29
1577 3608 1657 3644 post
1683 3603 1711 3634 si
1736 3602 1796 3645 leq.
1821 3602 1932 3644 inquit
1956 3602 1992 3633 in
2016 3601 2054 3634 F
2149 3613 2294 3644 cumque
2323 3603 2431 3635 frusta

234 3678 301 3719 des.
334 3679 368 3710 in
396 3678 433 3711 F
526 3680 649 3715 frustra
675 3678 704 3720 (r
728 3690 814 3711 eras.
841 3679 916 3722 312)
942 3680 1049 3713 MTC
1182 3678 1227 3713 30
1252 3653 1439 3718 effundere}
1464 3681 1530 3722 1³¹,
1555 3682 1782 3718 diffunderent
1809 3680 1843 3722 G,
1859 3686 2000 3723 praeter
2024 3681 2173 3714 diffunde
2198 3681 2266 3726 des.
2293 3681 2328 3713 in
2352 3681 2390 3718 F
