2583 4011
1070 169 1116 203 X!
1146 181 1176 202 v.
1203 171 1248 203 20
1275 190 1315 194 —
1345 181 1375 203 v.
1406 171 1479 204 104.
2289 176 2370 215 229

658 286 860 328 Ruricius
894 285 1051 327 nostris
1085 284 1252 325 facibus
1286 284 1488 339 dulcique
1525 299 1691 326 venen«,

658 360 799 397 tactus
832 355 1023 395 votivum
1058 354 1248 408 suspirat
1282 353 1412 394 corde
1446 353 1653 395 dolorem.

582 434 612 456 .;.·¹
658 429 777 466 esset
809 424 843 464 si
878 437 1086 479 praesens
1119 427 1257 473 aetas,
1291 422 1562 478 impenderet
1595 423 1655 463 illi

658 493 861 534 Lemnias
896 492 1138 548 imperium,
1173 490 1330 532 Cressa
1366 495 1534 531 stamen
1569 491 1817 546 labyrinthi.

659 562 838 603 Alceste
872 562 1018 605 vitam,
1052 560 1177 601 Circe
1213 559 1382 602 herbas.
1418 574 1545 615 poma
1579 560 1780 616 Calypso.

657 631 803 685 Scylla
838 645 997 674 comas,
1031 630 1240 671 Atalanta
1272 629 1421 685 pedes.
1455 629 1613 670 Medea
1645 630 1825 681 furores,

657 699 934 755 Hippodame
969 714 1106 749 ceras,
1139 713 1277 754 cygno
1312 698 1414 739 Iove
1448 705 1549 740 nata
1583 713 1806 742 eoronam:

582 778 614 802 ³⁰
658 769 756 810 huic
789 769 903 810 Dido
938 770 978 810 in
1013 770 1188 812 ferrum.
1223 769 1349 809 simul
1385 769 1426 809 in
1461 768 1699 824 suspendia
1731 768 1908 823 Phyllis,

658 837 840 880 Euadne
875 839 916 879 in
950 838 1145 880 flammas
1179 843 1222 879 et
1256 838 1424 879 Sestias
1459 839 1567 879 isset
1600 839 1638 879 in
1675 837 1841 880 undas.⁷

721 908 802 949 IIis
839 908 945 950 haec
980 908 1053 948 illa
1086 908 1237 949 refert:
1287 907 1570 954 ‘Gaudelnus,
1604 912 1719 950 nate.
1754 907 1959 948 rebellem

657 977 770 1032 quod
804 977 938 1018 vincis
972 976 1211 1031 laudasque
1245 977 1405 1019 virum:
1440 976 1516 1018 scd
1550 978 1687 1018 forma
1721 977 1890 1033 puellae
1925 983 2005 1018 est.

660 1060 787 1102 quam
822 1046 857 1087 si
892 1051 1134 1101 spectasset
1168 1045 1383 1100 quondam
1419 1045 1741 1087 Stheneboeius
1776 1046 1916 1087 heros.

586 1126 616 1147 ‘⁵
662 1131 745 1157 non
779 1130 855 1172 pro
889 1120 1141 1171 contemptu
1176 1115 1415 1157 domuisset
1448 1120 1635 1157 monstra
1670 1115 1949 1157 Chimaerae:

658 1184 1057 1226 Thermodontiaca
1091 1184 1158 1225 vel
1192 1184 1263 1238 qui
1297 1185 1521 1239 genetrice
1556 1184 1770 1240 superbus

657 1255 820 1310 sprevit
853 1253 1096 1295 Gnosiacae
1129 1255 1362 1295 temeraria
1395 1259 1493 1295 vota
1527 1269 1756 1306 novercae,

657 1325 737 1366 hac
770 1325 866 1365 visa
903 1323 1137 1373 occiderat,
1171 1324 1323 1369 fateon
1359 1323 1434 1365 scd
1470 1324 1651 1365 erimine
1686 1338 1807 1366 vcro:

657 1399 700 1436 ct
733 1395 767 1435 si
801 1393 960 1435 iudicio
993 1394 1137 1434 forsan
1170 1393 1273 1434 mihi
1308 1398 1461 1448 quarta
1493 1394 1662 1435 fuisset.

581 1476 614 1497 ⁸⁰
658 1479 726 1506 me
760 1478 931 1520 quoque
964 1463 1165 1504 Rhoetea
1197 1463 1450 1504 damnasset
1483 1468 1632 1519 pastor
1664 1464 1704 1504 in
1738 1464 1836 1505 Ida:

655 1533 857 1576 ‘vincere'
891 1533 961 1575 vel
995 1533 1045 1574 ‘si
1081 1538 1219 1588 optas,
1253 1533 1378 1574 istam
1411 1533 1479 1585 da,
1513 1533 1639 1575 malo.
1673 1534 1879 1588 puellam*

657 1604 850 1645 dixerat:
884 1603 995 1644 hanc
1028 1602 1233 1645 dederam
1268 1602 1451 1644 formam
1488 1616 1563 1659 pro
1597 1617 1775 1645 munere
1811 1604 1990 1645 formae:

656 1678 803 1715 tantus
836 1673 973 1714 honor
1005 1672 1250 1728 geniusque
1284 1672 1434 1727 genis:
1467 1673 1623 1714 collata
1655 1673 1799 1714 rubori

653 1742 816 1798 pallida
847 1742 984 1783 blatta
1017 1742 1126 1783 latet
1157 1741 1454 1797 depressaque
1489 1742 1650 1783 lumine
1684 1743 1829 1784 vultus

580 1822 610 1845 δ”·
655 1812 910 1867 nigrescunt
942 1811 1087 1852 vincto
1122 1811 1328 1853 bacarum
1362 1811 1536 1866 fulgura
1568 1812 1692 1853 collo.

654 1887 698 1923 te
731 1895 902 1936 quoque
936 1879 1207 1930 multimodis
1240 1880 1463 1932 ambisset]
1497 1880 1697 1924 Hiberia.
1731 1881 1843 1922 ludis

656 1965 739 1992 axe
771 1951 947 2006 Pelops,
981 1964 1109 1991 cursu
1142 1949 1448 2006 Hippomenes
1480 1950 1684 2005 luctaque
1717 1950 1951 1997 Achelousq

656 2021 833 2063 Aeneas
866 2020 1009 2072 bellis,
1043 2024 1265 2075 spectatus
1300 2021 1505 2074 Gorgone
1538 2019 1747 2062 Perseus:

656 2105 736 2132 nec
768 2090 908 2131 minor
940 2089 1048 2131 haec
1082 2090 1268 2145 species,
1301 2089 1463 2131 totiens
1499 2089 1565 2130 eui
1599 2089 1795 2145 Iuppiter
1827 2095 1945 2131 esset

580 2171 613 2193 2¹⁰
658 2159 800 2211 Delia,
833 2164 998 2211 taurus,
1032 2160 1138 2209 olor,
1173 2164 1360 2214 satyrus,
1394 2159 1537 2207 draco,
1572 2159 1735 2201 fulmen
1769 2165 1812 2201 et
1844 2174 2011 2203 aurum.

656 2243 789 2286 quare
823 2244 920 2285 age,
951 2230 1209 2284 iungantur:
1242 2243 1340 2270 nam
1374 2242 1543 2280 census,
1576 2230 1714 2270 forma
1747 2244 1969 2285 genusque

656 2300 935 2342 conveniunt:
969 2300 1030 2340 nil
1062 2299 1130 2340 hic
1164 2299 1312 2355 dispar
1344 2304 1418 2340 tua
1450 2300 1545 2340 fixit
1576 2299 1756 2340 arundo.

656 2370 731 2412 sed
766 2370 869 2425 quid
901 2374 999 2411 vota
1029 2368 1215 2411 moror?
1279 2369 1388 2410 dixit
1420 2384 1678 2424 currumque
1711 2369 1925 2425 poposcit,

655 2441 723 2481 eui
756 2439 970 2481 dederant
1003 2440 1208 2495 crystalla
1241 2440 1404 2494 iugum,
1439 2453 1550 2494 quae
1584 2438 1746 2493 frigore
1780 2439 1930 2494 primo,

579 2521 610 2543 951
657 2509 773 2551 orbis
808 2509 949 2551 adhuc
983 2509 1123 2551 teneri
1157 2509 1320 2564 glacies
1353 2509 1426 2550 ubi
1462 2507 1690 2550 Caucason
1724 2515 1866 2563 auget.

654 2580 830 2621 strinxit
861 2579 1166 2635 Hyperboreis
1200 2578 1427 2620 Tanaitica
1461 2583 1608 2619 crusta
1640 2578 1806 2633 pruinis

654 2653 852 2691 naturam
887 2662 1063 2690 sumens
1096 2662 1310 2703 gemmae,
1346 2649 1446 2703 quia
1478 2647 1667 2703 perdidit
1698 2647 1855 2689 undae.

654 2719 849 2775 perforat
880 2719 993 2761 hanc
1025 2718 1144 2760 fulvo
1177 2718 1389 2759 formatus
1423 2722 1539 2759 temo
1571 2717 1770 2758 metallo:

654 2790 835 2832 miserat
868 2790 949 2832 hoc
982 2790 1154 2841 fluvius,
1189 2790 1311 2831 euius
1345 2789 1425 2831 sub
1459 2789 1633 2844 gurgite
1665 2788 1895 2844 Nymphae

567 2869 614 2893 1⁰0
659 2859 941 2915 Mygdonium
977 2860 1124 2901 fovere
1159 2859 1334 2905 Midam,
1368 2860 1440 2914 qui
1474 2873 1641 2915 pauper
1672 2859 1713 2899 in
1747 2872 1852 2899 auro

655 2928 809 2970 ditavit
841 2929 979 2970 versis
1011 2928 1180 2970 Pactoli
1213 2928 1387 2969 flumina
1423 2928 1549 2969 votis.

656 2998 859 3054 splendet
892 2998 1124 3054 perspicuo
1158 2997 1302 3039 radios
1336 3002 1429 3038 rota
1461 2996 1657 3051 margine
1690 2996 1870 3050 cingens

655 3067 940 3109 Marmaricae
974 3067 1027 3109 de
1061 3067 1186 3108 fauce
1220 3068 1352 3113 ferae,
1385 3066 1487 3108 dum
1520 3066 1651 3107 belua
1684 3067 1825 3106 curvis

656 3137 859 3178 dentibus
894 3137 1090 3179 excussis
1124 3137 1259 3192 gemit
1292 3136 1561 3178 exarmarier
1594 3150 1690 3183 ora;

300 3325 344 3358 (33
369 3326 510 3359 ruritius
538 3324 598 3358 GP
734 3321 780 3356 64
804 3324 928 3356 Factus
950 3324 995 3356 0¹
1139 3322 1182 3356 60·
1209 3329 1321 3355 tamen
1347 3322 1391 3353 Τ1
1490 3322 1683 3365 laberynthi
1709 3321 1809 3355 codd.
1951 3320 1994 3354 G?
2020 3322 2178 3355 alcestem
2201 3320 2260 3359 Ca,
2290 3320 2320 3351 al
2348 3324 2379 3351 te

165 3389 251 3427 spat.
277 3384 379 3416 trium
405 3384 465 3417 litt.
490 3394 562 3415 vac.
580 3382 614 3415 P
695 3393 791 3415 ceree
808 3381 846 3414 F
971 3380 1016 3414 68
1039 3382 1229 3414 athlatauta
1247 3380 1284 3413 F
1410 3378 1454 3412 ΤΟ
1479 3380 1568 3412 fellis
1586 3379 1624 3412 F
1748 3379 1789 3411 71
1816 3390 1974 3413 cuuaimc
1992 3379 2089 3411 codd.
2221 3376 2264 3410 73
2289 3377 2379 3419 qnod

164 3447 197 3474 et
222 3442 332 3474 vineis
359 3441 409 3474 Ca
550 3438 595 3473 74
619 3440 792 3483 quondam
818 3439 853 3471 in
879 3450 949 3471 ras.
972 3438 1024 3472 Cb
1168 3437 1210 3470 Τι’)
1237 3450 1297 3482 pro
1323 3444 1427 3471 contu
1452 3437 1486 3469 P
1576 3438 1776 3471 Chimaerae
1800 3439 1921 3480 vulfs&
1954 3438 2077 3470 cictrae
2097 3436 2149 3469 1¹(
2154 3437 2166 3477 '‚
2191 3436 2293 3468 cictrc
2320 3434 2384 3466 ΤΕ

166 3498 209 3533 78
235 3501 310 3533 nisa
339 3500 385 3533 (1¹¹
530 3497 572 3531 79
597 3510 643 3531 cm
670 3497 729 3541 [iu]
755 3497 907 3531 iudicio?
1047 3497 1086 3530 81
1116 3498 1157 3531 dc
1183 3497 1220 3529 F
1354 3495 1399 3529 82
1424 3495 1584 3530 doctarum
1611 3497 1648 3529 F
1792 3495 1837 3527 85
1862 3496 2058 3538 pigrescunt
2084 3494 2121 3526 F
2210 3493 2325 3525 iuncto
2354 3492 2382 3523 C*

163 3558 369 3592 baccharum
396 3557 494 3590 codd.
657 3555 700 3587 87
731 3555 866 3588 achelos
892 3555 926 3588 P
1081 3554 1125 3587 88
1155 3553 1307 3598 perseus]
1339 3565 1499 3597 praesens
1524 3554 1562 3586 F
1724 3552 1767 3584 89
1801 3553 1904 3585 totius
1932 3551 1963 3583 P
2122 3548 2166 3581 90
2200 3560 2324 3581 caurus
2354 3549 2382 3580 I'

164 3613 210 3647 92
234 3615 314 3648 hinc
339 3615 372 3647 P
477 3620 535 3647 tua
563 3614 675 3657 dispar
700 3613 737 3645 F
885 3611 930 3644 94
955 3614 1021 3654 Qui
1047 3618 1082 3644 ut
1106 3613 1172 3644 rid.
1194 3613 1237 3641 (¹¹
1392 3610 1436 3643 95
1460 3612 1612 3655 glaueies
1638 3623 1670 3643 11.
1698 3622 1858 3643 caucasei·
1884 3609 1921 3641 F
2071 3607 2113 3639 97
2140 3618 2314 3639 summcus
2343 3607 2377 3645 (ζ

163 3684 304 3706 sumans
329 3672 366 3704 F
525 3670 570 3704 98
595 3671 755 3714 periforat
780 3670 813 3703 P
919 3682 964 3703 (m
991 3670 1100 3703 haee?
1263 3668 1307 3701 99
1332 3670 1435 3702 tluvis
1460 3669 1493 3701 1¹
1656 3668 1721 3700 100
1746 3668 1858 3700 fodere
1887 3668 1935 3694 (¹²1
2102 3664 2162 3696 101
2194 3664 2326 3708 pactolii
2356 3665 2384 3695 (J

164 3732 254 3765 notis
281 3731 317 3764 F
453 3728 519 3762 10²2
545 3731 718 3774 perspituo
746 3730 786 3767 P,
811 3730 991 3772 perspicue
1021 3730 1048 3761 (¹
1188 3726 1251 3760 104
1278 3727 1449 3759 mentibus
1476 3726 1513 3758 F
1603 3726 1738 3758 excusis
1765 3725 1818 3757 ,Pa
