<?xml version="1.0" encoding="UTF-8"?>
<!DOCTYPE html PUBLIC "-//W3C//DTD XHTML 1.0 Transitional//EN"
    "http://www.w3.org/TR/xhtml1/DTD/xhtml1-transitional.dtd">
<html xmlns="http://www.w3.org/1999/xhtml" xml:lang="en" lang="en">
 <head>
  <title>
</title>
<meta http-equiv="Content-Type" content="text/html;charset=utf-8" />
  <meta name='ocr-system' content='tesseract 3.04.00' />
  <meta name='ocr-capabilities' content='ocr_page ocr_carea ocr_par ocr_line ocrx_word'/>
</head>
<body>
  <div class='ocr_page' id='page_1' title='image "./monumentager08geseuoft_0410.png"; bbox 0 0 2583 4011; ppageno 0'>
   <div class='ocr_carea' id='block_1_1' title="bbox 73 503 113 543">
    <p class='ocr_par' dir='ltr' id='par_1_1' title="bbox 73 503 113 543">
     <span class='ocr_line' id='line_1_1' title="bbox 73 503 113 543; baseline -0.05 0"><span class='ocrx_word' id='word_1_1' title='bbox 73 503 113 543; x_wconf 65' lang='grc' dir='ltr'><strong>(τ’</strong></span> 
     </span>
    </p>
   </div>
   <div class='ocr_carea' id='block_1_2' title="bbox 128 666 136 703">
    <p class='ocr_par' dir='ltr' id='par_1_2' title="bbox 128 666 136 703">
     <span class='ocr_line' id='line_1_2' title="bbox 128 666 136 703; baseline 0 0"><span class='ocrx_word' id='word_1_2' title='bbox 128 666 136 703; x_wconf 92' lang='lat' dir='ltr'><strong>l</strong></span> 
     </span>
    </p>
   </div>
   <div class='ocr_carea' id='block_1_3' title="bbox 118 1153 140 1189">
    <p class='ocr_par' dir='ltr' id='par_1_3' title="bbox 118 1153 140 1189">
     <span class='ocr_line' id='line_1_3' title="bbox 118 1153 140 1189; textangle 90"><span class='ocrx_word' id='word_1_3' title='bbox 118 1153 140 1189; x_wconf 55' lang='lat'><strong>10</strong></span> 
     </span>
    </p>
   </div>
   <div class='ocr_carea' id='block_1_4' title="bbox 122 2253 144 2291">
    <p class='ocr_par' dir='ltr' id='par_1_4' title="bbox 122 2253 144 2291">
     <span class='ocr_line' id='line_1_4' title="bbox 122 2253 144 2291; textangle 90"><span class='ocrx_word' id='word_1_4' title='bbox 122 2253 144 2291; x_wconf 64' lang='lat'><strong>10</strong></span> 
     </span>
    </p>
   </div>
   <div class='ocr_carea' id='block_1_5' title="bbox 190 200 1554 245">
    <p class='ocr_par' dir='ltr' id='par_1_5' title="bbox 190 200 1554 245">
     <span class='ocr_line' id='line_1_5' title="bbox 190 200 1554 245; baseline -0.003 -6"><span class='ocrx_word' id='word_1_5' title='bbox 190 207 269 245; x_wconf 75' lang='lat'><strong>312</strong></span> <span class='ocrx_word' id='word_1_6' title='bbox 1007 202 1185 236; x_wconf 75' lang='lat' dir='ltr'>RURICII</span> <span class='ocrx_word' id='word_1_7' title='bbox 1212 200 1554 236; x_wconf 75' lang='lat' dir='ltr'><strong>EPISTULARUM</strong></span> 
     </span>
    </p>
   </div>
   <div class='ocr_carea' id='block_1_6' title="bbox 1252 398 1309 440">
    <p class='ocr_par' dir='ltr' id='par_1_6' title="bbox 1252 398 1309 440">
     <span class='ocr_line' id='line_1_6' title="bbox 1252 398 1309 440; baseline 0.035 -2"><span class='ocrx_word' id='word_1_8' title='bbox 1252 398 1309 440; x_wconf 89' lang='lat' dir='ltr'><strong>II.</strong></span> 
     </span>
    </p>
   </div>
   <div class='ocr_carea' id='block_1_7' title="bbox 319 500 2244 612">
    <p class='ocr_par' dir='ltr' id='par_1_7' title="bbox 319 500 2244 612">
     <span class='ocr_line' id='line_1_7' title="bbox 319 500 2244 543; baseline -0.001 0"><span class='ocrx_word' id='word_1_9' title='bbox 319 502 570 543; x_wconf 77' lang='lat' dir='ltr'>DOMINIS</span> <span class='ocrx_word' id='word_1_10' title='bbox 606 502 966 543; x_wconf 71' lang='lat' dir='ltr'>SI&#39;BLIMIBUS</span> <span class='ocrx_word' id='word_1_11' title='bbox 999 502 1072 542; x_wconf 98' lang='lat' dir='ltr'><strong>ET</strong></span> <span class='ocrx_word' id='word_1_12' title='bbox 1104 502 1165 542; x_wconf 89' lang='lat' dir='ltr'><strong>IN</strong></span> <span class='ocrx_word' id='word_1_13' title='bbox 1199 500 1458 542; x_wconf 83' lang='lat' dir='ltr'><strong>OIIRISTO</strong></span> <span class='ocrx_word' id='word_1_14' title='bbox 1490 500 1724 542; x_wconf 87' lang='lat' dir='ltr'>DOMINO</span> <span class='ocrx_word' id='word_1_15' title='bbox 1758 500 2244 542; x_wconf 80' lang='lat' dir='ltr'>DEVINCTISSIMIS</span> 
     </span>
     <span class='ocr_line' id='line_1_8' title="bbox 543 568 2018 612; baseline -0.001 -1"><span class='ocrx_word' id='word_1_16' title='bbox 543 571 882 612; x_wconf 75' lang='lat' dir='ltr'>FRATRIBUS</span> <span class='ocrx_word' id='word_1_17' title='bbox 916 569 1192 611; x_wconf 77' lang='lat' dir='ltr'>NAMATIO</span> <span class='ocrx_word' id='word_1_18' title='bbox 1226 569 1300 610; x_wconf 90' lang='lat' dir='ltr'><strong>ET</strong></span> <span class='ocrx_word' id='word_1_19' title='bbox 1334 568 1683 610; x_wconf 84' lang='lat' dir='ltr'><strong>CERAUNIAE</strong></span> <span class='ocrx_word' id='word_1_20' title='bbox 1716 568 2018 610; x_wconf 81' lang='lat' dir='ltr'>RURICIUS.</span> 
     </span>
    </p>
   </div>
   <div class='ocr_carea' id='block_1_8' title="bbox 185 651 2376 1618">
    <p class='ocr_par' dir='ltr' id='par_1_8' title="bbox 185 651 2376 1618">
     <span class='ocr_line' id='line_1_9' title="bbox 330 651 2373 722; baseline -0.001 -13"><span class='ocrx_word' id='word_1_21' title='bbox 330 651 464 710; x_wconf 69' lang='lat' dir='ltr'><strong>lx&#39;rsn</strong></span> <span class='ocrx_word' id='word_1_22' title='bbox 506 669 690 722; x_wconf 82' lang='lat' dir='ltr'><strong>reliquas</strong></span> <span class='ocrx_word' id='word_1_23' title='bbox 733 672 897 722; x_wconf 73' lang='lat' dir='ltr'><strong>grates,</strong></span> <span class='ocrx_word' id='word_1_24' title='bbox 939 681 1049 722; x_wconf 83' lang='lat' dir='ltr'><strong>quae</strong></span> <span class='ocrx_word' id='word_1_25' title='bbox 1092 681 1115 707; x_wconf 87' lang='lat' dir='ltr'><strong>a</strong></span> <span class='ocrx_word' id='word_1_26' title='bbox 1155 680 1221 707; x_wconf 91' lang='lat' dir='ltr'><strong>me</strong></span> <span class='ocrx_word' id='word_1_27' title='bbox 1266 665 1386 706; x_wconf 89' lang='lat' dir='ltr'><strong>vobis</strong></span> <span class='ocrx_word' id='word_1_28' title='bbox 1430 666 1520 706; x_wconf 89' lang='lat' dir='ltr'><strong>iure</strong></span> <span class='ocrx_word' id='word_1_29' title='bbox 1560 665 1814 707; x_wconf 80' lang='lat' dir='ltr'><strong>referendae</strong></span> <span class='ocrx_word' id='word_1_30' title='bbox 1858 670 1976 718; x_wconf 90' lang='lat' dir='ltr'><strong>sunt,</strong></span> <span class='ocrx_word' id='word_1_31' title='bbox 2017 691 2085 707; x_wconf 54' lang='grc' dir='ltr'><strong>Η*</strong></span> <span class='ocrx_word' id='word_1_32' title='bbox 2125 667 2373 721; x_wconf 87' lang='lat' dir='ltr'><strong>praesentia</strong></span> 
     </span>
     <span class='ocr_line' id='line_1_10' title="bbox 191 734 2371 792; baseline -0.001 -14"><span class='ocrx_word' id='word_1_33' title='bbox 191 753 238 778; x_wconf 76' lang='lat' dir='ltr'><strong>ac</strong></span> <span class='ocrx_word' id='word_1_34' title='bbox 265 739 504 778; x_wconf 72' lang='lat' dir='ltr'><strong>visitatione</strong></span> <span class='ocrx_word' id='word_1_35' title='bbox 534 737 702 792; x_wconf 82' lang='lat' dir='ltr'><strong>patroni</strong></span> <span class='ocrx_word' id='word_1_36' title='bbox 733 736 968 776; x_wconf 85' lang='lat' dir='ltr'><strong>communis</strong></span> <span class='ocrx_word' id='word_1_37' title='bbox 992 735 1136 775; x_wconf 89' lang='lat' dir='ltr'><strong>domni</strong></span> <span class='ocrx_word' id='word_1_38' title='bbox 1158 734 1396 774; x_wconf 84' lang='lat' dir='ltr'><strong>Postumini</strong></span> <span class='ocrx_word' id='word_1_39' title='bbox 1427 734 1626 788; x_wconf 77' lang='lat' dir='ltr'><strong>ingentes</strong></span> <span class='ocrx_word' id='word_1_40' title='bbox 1648 735 1807 788; x_wconf 81' lang='lat' dir='ltr'>gratias</span> <span class='ocrx_word' id='word_1_41' title='bbox 1831 749 1928 789; x_wconf 90' lang='lat' dir='ltr'><strong>ago,</strong></span> <span class='ocrx_word' id='word_1_42' title='bbox 1960 734 2072 789; x_wconf 92' lang='lat' dir='ltr'><strong>quod</strong></span> <span class='ocrx_word' id='word_1_43' title='bbox 2094 735 2371 790; x_wconf 79' lang='lat' dir='ltr'>hospitiolum</span> 
     </span>
     <span class='ocr_line' id='line_1_11' title="bbox 187 801 2372 860; baseline -0.001 -14"><span class='ocrx_word' id='word_1_44' title='bbox 187 812 378 847; x_wconf 76' lang='lat' dir='ltr'><strong>nostrum</strong></span> <span class='ocrx_word' id='word_1_45' title='bbox 419 806 583 847; x_wconf 77' lang='lat' dir='ltr'><strong>fecistis</strong></span> <span class='ocrx_word' id='word_1_46' title='bbox 627 806 760 860; x_wconf 79' lang='lat' dir='ltr'><strong>ipsius</strong></span> <span class='ocrx_word' id='word_1_47' title='bbox 803 804 1067 845; x_wconf 82' lang='lat' dir='ltr'><strong>orationibus</strong></span> <span class='ocrx_word' id='word_1_48' title='bbox 1111 802 1351 850; x_wconf 80' lang='lat' dir='ltr'><strong>inlustrari,</strong></span> <span class='ocrx_word' id='word_1_49' title='bbox 1396 802 1498 856; x_wconf 87' lang='lat' dir='ltr'><strong>quia</strong></span> <span class='ocrx_word' id='word_1_50' title='bbox 1537 801 1636 842; x_wconf 90' lang='lat' dir='ltr'><strong>dum</strong></span> <span class='ocrx_word' id='word_1_51' title='bbox 1674 803 1796 843; x_wconf 90' lang='lat' dir='ltr'><strong>vobis</strong></span> <span class='ocrx_word' id='word_1_52' title='bbox 1841 803 2020 844; x_wconf 77' lang='lat' dir='ltr'><strong>exhibet</strong></span> <span class='ocrx_word' id='word_1_53' title='bbox 2061 803 2209 854; x_wconf 81' lang='lat' dir='ltr'><strong>fidem,</strong></span> <span class='ocrx_word' id='word_1_54' title='bbox 2251 804 2372 845; x_wconf 90' lang='lat' dir='ltr'><strong>nobis</strong></span> 
     </span>
     <span class='ocr_line' id='line_1_12' title="bbox 186 870 2371 927; baseline -0.001 -12"><span class='ocrx_word' id='word_1_55' title='bbox 186 875 332 915; x_wconf 81' lang='lat' dir='ltr'>tribuit</span> <span class='ocrx_word' id='word_1_56' title='bbox 365 874 717 915; x_wconf 73' lang='lat' dir='ltr'><strong>lwnedietionem.</strong></span> <span class='ocrx_word' id='word_1_57' title='bbox 772 878 814 913; x_wconf 82' lang='lat' dir='ltr'><strong>et</strong></span> <span class='ocrx_word' id='word_1_58' title='bbox 847 873 948 913; x_wconf 89' lang='lat' dir='ltr'><strong>licet</strong></span> <span class='ocrx_word' id='word_1_59' title='bbox 972 872 1100 912; x_wconf 87' lang='lat' dir='ltr'><strong>fuerit</strong></span> <span class='ocrx_word' id='word_1_60' title='bbox 1122 870 1477 925; x_wconf 59' lang='lat' dir='ltr'><strong>vigilantissin&#39;lus</strong></span> <span class='ocrx_word' id='word_1_61' title='bbox 1503 870 1734 925; x_wconf 88' lang='lat' dir='ltr'><strong>inspector,</strong></span> <span class='ocrx_word' id='word_1_62' title='bbox 1767 871 2159 927; x_wconf 89' lang='lat' dir='ltr'><strong>importunissimus</strong></span> <span class='ocrx_word' id='word_1_63' title='bbox 2183 876 2371 923; x_wconf 86' lang='lat' dir='ltr'><strong>exactor,</strong></span> 
     </span>
     <span class='ocr_line' id='line_1_13' title="bbox 187 939 2372 994; baseline -0 -11"><span class='ocrx_word' id='word_1_64' title='bbox 187 944 531 984; x_wconf 70' lang='lat' dir='ltr'><strong>districtissimus</strong></span> <span class='ocrx_word' id='word_1_65' title='bbox 571 946 817 990; x_wconf 77' lang='lat' dir='ltr'><strong>exsecutor,</strong></span> <span class='ocrx_word' id='word_1_66' title='bbox 866 941 977 981; x_wconf 82' lang='lat' dir='ltr'><strong>levia</strong></span> <span class='ocrx_word' id='word_1_67' title='bbox 1023 944 1165 980; x_wconf 81' lang='lat' dir='ltr'><strong>tamen</strong></span> <span class='ocrx_word' id='word_1_68' title='bbox 1208 940 1316 980; x_wconf 81' lang='lat' dir='ltr'><strong>haec</strong></span> <span class='ocrx_word' id='word_1_69' title='bbox 1357 939 1499 980; x_wconf 86' lang='lat' dir='ltr'><strong>omnia</strong></span> <span class='ocrx_word' id='word_1_70' title='bbox 1539 939 1679 994; x_wconf 83' lang='lat' dir='ltr'><strong>gratia</strong></span> <span class='ocrx_word' id='word_1_71' title='bbox 1719 944 1864 981; x_wconf 87' lang='lat' dir='ltr'><strong>vestra</strong></span> <span class='ocrx_word' id='word_1_72' title='bbox 1905 944 1946 981; x_wconf 89' lang='lat' dir='ltr'><strong>et</strong></span> <span class='ocrx_word' id='word_1_73' title='bbox 1987 941 2227 981; x_wconf 77' lang='lat' dir='ltr'><strong>sanctitatis</strong></span> <span class='ocrx_word' id='word_1_74' title='bbox 2269 955 2372 982; x_wconf 88' lang='lat' dir='ltr'><strong>suae</strong></span> 
     </span>
     <span class='ocr_line' id='line_1_14' title="bbox 186 1008 2371 1067; baseline -0.001 -15"><span class='ocrx_word' id='word_1_75' title='bbox 186 1012 495 1067; x_wconf 65' lang='lat' dir='ltr'><strong>ponderatione</strong></span> <span class='ocrx_word' id='word_1_76' title='bbox 518 1011 808 1066; x_wconf 75' lang='lat' dir='ltr'><strong>pensavimus,</strong></span> <span class='ocrx_word' id='word_1_77' title='bbox 841 1010 955 1064; x_wconf 78' lang='lat' dir='ltr'><strong>quia,</strong></span> <span class='ocrx_word' id='word_1_78' title='bbox 988 1009 1097 1049; x_wconf 81' lang='lat' dir='ltr'><strong>sicut</strong></span> <span class='ocrx_word' id='word_1_79' title='bbox 1120 1008 1330 1063; x_wconf 85' lang='lat' dir='ltr'><strong>scriptum</strong></span> <span class='ocrx_word' id='word_1_80' title='bbox 1353 1011 1432 1056; x_wconf 85' lang='lat' dir='ltr'><strong>est,</strong></span> <span class='ocrx_word' id='word_1_81' title='bbox 1465 1008 1661 1048; x_wconf 89' lang='lat' dir='ltr'><strong>caritas</strong></span> <span class='ocrx_word' id='word_1_82' title='bbox 1695 1009 1863 1049; x_wconf 90' lang='lat' dir='ltr'><strong>omnia</strong></span> <span class='ocrx_word' id='word_1_83' title='bbox 1896 1010 2144 1061; x_wconf 85' lang='lat' dir='ltr'><strong>sustinet,</strong></span> <span class='ocrx_word' id='word_1_84' title='bbox 2178 1009 2371 1051; x_wconf 85' lang='lat' dir='ltr'><strong>caritas</strong></span> 
     </span>
     <span class='ocr_line' id='line_1_15' title="bbox 187 1076 2372 1135; baseline -0 -14"><span class='ocrx_word' id='word_1_85' title='bbox 187 1095 459 1135; x_wconf 84' lang='lat' dir='ltr'><strong>numquam</strong></span> <span class='ocrx_word' id='word_1_86' title='bbox 505 1079 729 1122; x_wconf 80' lang='lat' dir='ltr'><strong>excidit.</strong></span> <span class='ocrx_word' id='word_1_87' title='bbox 776 1078 1029 1134; x_wconf 83' lang='lat' dir='ltr'><strong>praesertim</strong></span> <span class='ocrx_word' id='word_1_88' title='bbox 1071 1092 1167 1118; x_wconf 87' lang='lat' dir='ltr'><strong>cum</strong></span> <span class='ocrx_word' id='word_1_89' title='bbox 1205 1077 1284 1118; x_wconf 91' lang='lat' dir='ltr'><strong>hoc</strong></span> <span class='ocrx_word' id='word_1_90' title='bbox 1326 1076 1439 1132; x_wconf 90' lang='lat' dir='ltr'><strong>quod</strong></span> <span class='ocrx_word' id='word_1_91' title='bbox 1478 1077 1594 1117; x_wconf 84' lang='lat' dir='ltr'><strong>visus</strong></span> <span class='ocrx_word' id='word_1_92' title='bbox 1635 1077 1812 1132; x_wconf 79' lang='lat' dir='ltr'><strong>exigere</strong></span> <span class='ocrx_word' id='word_1_93' title='bbox 1854 1077 1976 1118; x_wconf 91' lang='lat' dir='ltr'><strong>nobis</strong></span> <span class='ocrx_word' id='word_1_94' title='bbox 2020 1093 2116 1119; x_wconf 89' lang='lat' dir='ltr'><strong>eum</strong></span> <span class='ocrx_word' id='word_1_95' title='bbox 2161 1078 2372 1121; x_wconf 85' lang='lat' dir='ltr'><strong>credimus</strong></span> 
     </span>
     <span class='ocr_line' id='line_1_16' title="bbox 187 1145 2374 1203; baseline 0 -14"><span class='ocrx_word' id='word_1_96' title='bbox 187 1149 254 1189; x_wconf 79' lang='lat' dir='ltr'><strong>dei</strong></span> <span class='ocrx_word' id='word_1_97' title='bbox 290 1149 494 1189; x_wconf 81' lang='lat' dir='ltr'><strong>beneficio</strong></span> <span class='ocrx_word' id='word_1_98' title='bbox 528 1148 777 1189; x_wconf 75' lang='lat' dir='ltr'><strong>contulisse.</strong></span> <span class='ocrx_word' id='word_1_99' title='bbox 840 1148 984 1203; x_wconf 82' lang='lat' dir='ltr'><strong>itaque</strong></span> <span class='ocrx_word' id='word_1_100' title='bbox 1018 1162 1068 1188; x_wconf 90' lang='lat' dir='ltr'><strong>eo</strong></span> <span class='ocrx_word' id='word_1_101' title='bbox 1102 1146 1289 1202; x_wconf 86' lang='lat' dir='ltr'><strong>propitia</strong></span> <span class='ocrx_word' id='word_1_102' title='bbox 1321 1145 1548 1187; x_wconf 89' lang='lat' dir='ltr'><strong>divinitate</strong></span> <span class='ocrx_word' id='word_1_103' title='bbox 1581 1150 1816 1198; x_wconf 82' lang='lat' dir='ltr'><strong>remeante,</strong></span> <span class='ocrx_word' id='word_1_104' title='bbox 1857 1161 1939 1187; x_wconf 94' lang='lat' dir='ltr'><strong>non</strong></span> <span class='ocrx_word' id='word_1_105' title='bbox 1972 1147 2072 1202; x_wconf 89' lang='lat' dir='ltr'><strong>quia</strong></span> <span class='ocrx_word' id='word_1_106' title='bbox 2103 1148 2374 1189; x_wconf 84' lang='lat' dir='ltr'><strong>necessariae</strong></span> 
     </span>
     <span class='ocr_line' id='line_1_17' title="bbox 189 1214 2373 1273; baseline -0.001 -14"><span class='ocrx_word' id='word_1_107' title='bbox 189 1225 344 1260; x_wconf 72' lang='lat' dir='ltr'><strong>essent.</strong></span> <span class='ocrx_word' id='word_1_108' title='bbox 388 1219 463 1259; x_wconf 78' lang='lat' dir='ltr'><strong>sed</strong></span> <span class='ocrx_word' id='word_1_109' title='bbox 496 1219 595 1272; x_wconf 82' lang='lat' dir='ltr'><strong>quia</strong></span> <span class='ocrx_word' id='word_1_110' title='bbox 627 1219 719 1273; x_wconf 79' lang='lat' dir='ltr'><strong>ipse</strong></span> <span class='ocrx_word' id='word_1_111' title='bbox 751 1218 898 1268; x_wconf 72' lang='lat' dir='ltr'><strong>voluit,</strong></span> <span class='ocrx_word' id='word_1_112' title='bbox 938 1216 1051 1269; x_wconf 87' lang='lat' dir='ltr'><strong>dedi,</strong></span> <span class='ocrx_word' id='word_1_113' title='bbox 1085 1216 1239 1270; x_wconf 89' lang='lat' dir='ltr'><strong>quibus</strong></span> <span class='ocrx_word' id='word_1_114' title='bbox 1272 1214 1521 1256; x_wconf 81' lang='lat' dir='ltr'><strong>individuae</strong></span> <span class='ocrx_word' id='word_1_115' title='bbox 1555 1215 1829 1270; x_wconf 83' lang='lat' dir='ltr'><strong>germanitati</strong></span> <span class='ocrx_word' id='word_1_116' title='bbox 1862 1220 2034 1257; x_wconf 89' lang='lat' dir='ltr'><strong>vestrae</strong></span> <span class='ocrx_word' id='word_1_117' title='bbox 2068 1217 2187 1257; x_wconf 85' lang='lat' dir='ltr'><strong>salve</strong></span> <span class='ocrx_word' id='word_1_118' title='bbox 2218 1216 2373 1271; x_wconf 85' lang='lat' dir='ltr'><strong>largis-</strong></span> 
     </span>
     <span class='ocr_line' id='line_1_18' title="bbox 187 1285 2373 1340; baseline -0 -13"><span class='ocrx_word' id='word_1_119' title='bbox 187 1288 337 1327; x_wconf 75' lang='lat' dir='ltr'><strong>simum</strong></span> <span class='ocrx_word' id='word_1_120' title='bbox 372 1287 622 1329; x_wconf 80' lang='lat' dir='ltr'><strong>desiderans</strong></span> <span class='ocrx_word' id='word_1_121' title='bbox 656 1286 749 1327; x_wconf 85' lang='lat' dir='ltr'><strong>dico</strong></span> <span class='ocrx_word' id='word_1_122' title='bbox 783 1290 825 1326; x_wconf 82' lang='lat' dir='ltr'><strong>et</strong></span> <span class='ocrx_word' id='word_1_123' title='bbox 856 1286 939 1326; x_wconf 87' lang='lat' dir='ltr'><strong>iter</strong></span> <span class='ocrx_word' id='word_1_124' title='bbox 969 1299 1111 1327; x_wconf 89' lang='lat' dir='ltr'><strong>meum</strong></span> <span class='ocrx_word' id='word_1_125' title='bbox 1145 1288 1422 1339; x_wconf 87' lang='lat' dir='ltr'><strong>vestrumque</strong></span> <span class='ocrx_word' id='word_1_126' title='bbox 1464 1289 1745 1340; x_wconf 87' lang='lat' dir='ltr'><strong>conspectum</strong></span> <span class='ocrx_word' id='word_1_127' title='bbox 1784 1289 1930 1326; x_wconf 91' lang='lat' dir='ltr'><strong>mente</strong></span> <span class='ocrx_word' id='word_1_128' title='bbox 1974 1285 2206 1339; x_wconf 85' lang='lat' dir='ltr'><strong>praevenio</strong></span> <span class='ocrx_word' id='word_1_129' title='bbox 2244 1288 2373 1340; x_wconf 88' lang='lat' dir='ltr'><strong>atque</strong></span> 
     </span>
     <span class='ocr_line' id='line_1_19' title="bbox 185 1353 2372 1409; baseline -0.001 -13"><span class='ocrx_word' id='word_1_130' title='bbox 185 1357 344 1397; x_wconf 79' lang='lat' dir='ltr'><strong>omnia.</strong></span> <span class='ocrx_word' id='word_1_131' title='bbox 386 1357 496 1397; x_wconf 78' lang='lat' dir='ltr'><strong>sicut</strong></span> <span class='ocrx_word' id='word_1_132' title='bbox 529 1357 714 1397; x_wconf 81' lang='lat' dir='ltr'><strong>iussistis</strong></span> <span class='ocrx_word' id='word_1_133' title='bbox 749 1359 792 1397; x_wconf 91' lang='lat' dir='ltr'><strong>et</strong></span> <span class='ocrx_word' id='word_1_134' title='bbox 824 1354 1001 1409; x_wconf 85' lang='lat' dir='ltr'><strong>dignum</strong></span> <span class='ocrx_word' id='word_1_135' title='bbox 1033 1369 1081 1396; x_wconf 88' lang='lat' dir='ltr'><strong>ac</strong></span> <span class='ocrx_word' id='word_1_136' title='bbox 1115 1355 1309 1395; x_wconf 87' lang='lat' dir='ltr'><strong>debitum</strong></span> <span class='ocrx_word' id='word_1_137' title='bbox 1341 1354 1438 1406; x_wconf 86' lang='lat' dir='ltr'><strong>fuit,</strong></span> <span class='ocrx_word' id='word_1_138' title='bbox 1481 1354 1695 1409; x_wconf 84' lang='lat' dir='ltr'><strong>inspecta,</strong></span> <span class='ocrx_word' id='word_1_139' title='bbox 1739 1353 1915 1405; x_wconf 89' lang='lat' dir='ltr'><strong>tradita,</strong></span> <span class='ocrx_word' id='word_1_140' title='bbox 1958 1353 2127 1394; x_wconf 89' lang='lat' dir='ltr'><strong>firmata</strong></span> <span class='ocrx_word' id='word_1_141' title='bbox 2168 1353 2372 1408; x_wconf 88' lang='lat' dir='ltr'><strong>significo.</strong></span> 
     </span>
     <span class='ocr_line' id='line_1_20' title="bbox 191 1422 2373 1479; baseline -0.001 -14"><span class='ocrx_word' id='word_1_142' title='bbox 191 1440 268 1465; x_wconf 81' lang='lat' dir='ltr'><strong>nec</strong></span> <span class='ocrx_word' id='word_1_143' title='bbox 303 1440 466 1466; x_wconf 77' lang='lat' dir='ltr'><strong>vereor.</strong></span> <span class='ocrx_word' id='word_1_144' title='bbox 501 1425 614 1479; x_wconf 82' lang='lat' dir='ltr'><strong>quod</strong></span> <span class='ocrx_word' id='word_1_145' title='bbox 647 1425 806 1466; x_wconf 81' lang='lat' dir='ltr'><strong>debeat</strong></span> <span class='ocrx_word' id='word_1_146' title='bbox 838 1425 1002 1465; x_wconf 87' lang='lat' dir='ltr'><strong>animos</strong></span> <span class='ocrx_word' id='word_1_147' title='bbox 1036 1427 1202 1465; x_wconf 86' lang='lat' dir='ltr'><strong>vestros</strong></span> <span class='ocrx_word' id='word_1_148' title='bbox 1236 1423 1303 1464; x_wconf 87' lang='lat' dir='ltr'><strong>vel</strong></span> <span class='ocrx_word' id='word_1_149' title='bbox 1336 1423 1650 1478; x_wconf 83' lang='lat' dir='ltr'><strong>aliquantisper</strong></span> <span class='ocrx_word' id='word_1_150' title='bbox 1681 1422 1915 1474; x_wconf 85' lang='lat' dir='ltr'><strong>offendere,</strong></span> <span class='ocrx_word' id='word_1_151' title='bbox 1949 1422 2061 1477; x_wconf 90' lang='lat' dir='ltr'><strong>quod</strong></span> <span class='ocrx_word' id='word_1_152' title='bbox 2091 1436 2221 1462; x_wconf 90' lang='lat' dir='ltr'><strong>unum</strong></span> <span class='ocrx_word' id='word_1_153' title='bbox 2243 1436 2373 1463; x_wconf 90' lang='lat' dir='ltr'><strong>voca-</strong></span> 
     </span>
     <span class='ocr_line' id='line_1_21' title="bbox 186 1491 2376 1546; baseline -0.002 -11"><span class='ocrx_word' id='word_1_154' title='bbox 186 1495 332 1535; x_wconf 89' lang='lat' dir='ltr'><strong>bulum</strong></span> <span class='ocrx_word' id='word_1_155' title='bbox 375 1493 426 1534; x_wconf 84' lang='lat' dir='ltr'><strong>de</strong></span> <span class='ocrx_word' id='word_1_156' title='bbox 469 1494 614 1535; x_wconf 89' lang='lat' dir='ltr'><strong>libello</strong></span> <span class='ocrx_word' id='word_1_157' title='bbox 656 1494 767 1534; x_wconf 82' lang='lat' dir='ltr'><strong>(lotis</strong></span> <span class='ocrx_word' id='word_1_158' title='bbox 808 1494 978 1534; x_wconf 84' lang='lat' dir='ltr'><strong>videtur</strong></span> <span class='ocrx_word' id='word_1_159' title='bbox 1020 1507 1115 1534; x_wconf 89' lang='lat' dir='ltr'><strong>esse</strong></span> <span class='ocrx_word' id='word_1_160' title='bbox 1161 1493 1448 1535; x_wconf 78' lang='lat' dir='ltr'><strong>subtractum:</strong></span> <span class='ocrx_word' id='word_1_161' title='bbox 1500 1506 1595 1532; x_wconf 90' lang='lat' dir='ltr'><strong>cum</strong></span> <span class='ocrx_word' id='word_1_162' title='bbox 1635 1492 1716 1532; x_wconf 90' lang='lat' dir='ltr'><strong>hoc</strong></span> <span class='ocrx_word' id='word_1_163' title='bbox 1755 1491 1867 1546; x_wconf 90' lang='lat' dir='ltr'><strong>quod</strong></span> <span class='ocrx_word' id='word_1_164' title='bbox 1910 1491 2032 1532; x_wconf 85' lang='lat' dir='ltr'><strong>deest</strong></span> <span class='ocrx_word' id='word_1_165' title='bbox 2071 1505 2249 1532; x_wconf 87' lang='lat' dir='ltr'><strong>numero</strong></span> <span class='ocrx_word' id='word_1_166' title='bbox 2291 1505 2376 1532; x_wconf 89' lang='lat' dir='ltr'><strong>non</strong></span> 
     </span>
     <span class='ocr_line' id='line_1_22' title="bbox 188 1559 1699 1618; baseline -0.002 -15"><span class='ocrx_word' id='word_1_167' title='bbox 188 1563 325 1603; x_wconf 82' lang='grc'>50111111</span> <span class='ocrx_word' id='word_1_168' title='bbox 359 1566 680 1618; x_wconf 85' lang='lat' dir='ltr'><strong>compensatum</strong></span> <span class='ocrx_word' id='word_1_169' title='bbox 715 1561 788 1602; x_wconf 87' lang='lat' dir='ltr'><strong>sed</strong></span> <span class='ocrx_word' id='word_1_170' title='bbox 822 1563 951 1602; x_wconf 85' lang='lat' dir='ltr'><strong>etiam</strong></span> <span class='ocrx_word' id='word_1_171' title='bbox 984 1565 1158 1602; x_wconf 86' lang='lat' dir='ltr'><strong>auctum</strong></span> <span class='ocrx_word' id='word_1_172' title='bbox 1190 1560 1424 1615; x_wconf 83' lang='lat' dir='ltr'><strong>agnoscitis</strong></span> <span class='ocrx_word' id='word_1_173' title='bbox 1458 1560 1501 1600; x_wconf 92' lang='lat' dir='ltr'><strong>in</strong></span> <span class='ocrx_word' id='word_1_174' title='bbox 1532 1559 1699 1600; x_wconf 86' lang='lat' dir='ltr'><strong>marito.</strong></span> 
     </span>
    </p>
   </div>
   <div class='ocr_carea' id='block_1_9' title="bbox 1242 1768 1322 1809">
    <p class='ocr_par' dir='ltr' id='par_1_9' title="bbox 1242 1768 1322 1809">
     <span class='ocr_line' id='line_1_23' title="bbox 1242 1768 1322 1809; baseline 0.013 -1"><span class='ocrx_word' id='word_1_175' title='bbox 1242 1768 1322 1809; x_wconf 91' lang='lat' dir='ltr'>III.</span> 
     </span>
    </p>
   </div>
   <div class='ocr_carea' id='block_1_10' title="bbox 324 1870 2232 1982">
    <p class='ocr_par' dir='ltr' id='par_1_10' title="bbox 324 1870 2232 1982">
     <span class='ocr_line' id='line_1_24' title="bbox 324 1870 2232 1915; baseline -0.003 0"><span class='ocrx_word' id='word_1_176' title='bbox 324 1874 552 1915; x_wconf 75' lang='lat' dir='ltr'><strong>DOMNIs</strong></span> <span class='ocrx_word' id='word_1_177' title='bbox 587 1872 950 1914; x_wconf 67' lang='lat' dir='ltr'>SI&#39;BLIMIBUS</span> <span class='ocrx_word' id='word_1_178' title='bbox 984 1873 1058 1913; x_wconf 89' lang='grc' dir='ltr'><strong>ΕΤ</strong></span> <span class='ocrx_word' id='word_1_179' title='bbox 1092 1872 1153 1913; x_wconf 89' lang='lat' dir='ltr'><strong>IN</strong></span> <span class='ocrx_word' id='word_1_180' title='bbox 1187 1871 1445 1913; x_wconf 79' lang='lat' dir='ltr'>CHRISTO</span> <span class='ocrx_word' id='word_1_181' title='bbox 1478 1870 1712 1912; x_wconf 84' lang='lat' dir='ltr'>DOMINO</span> <span class='ocrx_word' id='word_1_182' title='bbox 1745 1870 2232 1911; x_wconf 80' lang='lat' dir='ltr'>DEVINOTISSIMIS</span> 
     </span>
     <span class='ocr_line' id='line_1_25' title="bbox 547 1938 2016 1982; baseline -0.002 0"><span class='ocrx_word' id='word_1_183' title='bbox 547 1941 884 1982; x_wconf 75' lang='lat' dir='ltr'><strong>FRATRIBUS</strong></span> <span class='ocrx_word' id='word_1_184' title='bbox 918 1940 1192 1981; x_wconf 81' lang='lat' dir='ltr'>NAMATIO</span> <span class='ocrx_word' id='word_1_185' title='bbox 1226 1939 1299 1980; x_wconf 90' lang='lat' dir='ltr'><strong>ET</strong></span> <span class='ocrx_word' id='word_1_186' title='bbox 1334 1938 1681 1980; x_wconf 84' lang='lat' dir='ltr'><strong>CERAUNIAE</strong></span> <span class='ocrx_word' id='word_1_187' title='bbox 1714 1938 2016 1980; x_wconf 79' lang='lat' dir='ltr'>RURIOIUS.</span> 
     </span>
    </p>
   </div>
   <div class='ocr_carea' id='block_1_11' title="bbox 189 2019 2382 3059">
    <p class='ocr_par' dir='ltr' id='par_1_11' title="bbox 189 2019 2382 3059">
     <span class='ocr_line' id='line_1_26' title="bbox 328 2019 2377 2093; baseline -0.002 -12"><span class='ocrx_word' id='word_1_188' title='bbox 328 2019 465 2091; x_wconf 59' lang='lat' dir='ltr'><strong>Qum</strong></span> <span class='ocrx_word' id='word_1_189' title='bbox 499 2039 687 2093; x_wconf 86' lang='lat' dir='ltr'><strong>graviter</strong></span> <span class='ocrx_word' id='word_1_190' title='bbox 719 2038 796 2079; x_wconf 89' lang='lat' dir='ltr'><strong>sim</strong></span> <span class='ocrx_word' id='word_1_191' title='bbox 830 2037 882 2078; x_wconf 93' lang='grc'><strong>(10</strong></span> <span class='ocrx_word' id='word_1_192' title='bbox 914 2037 1033 2077; x_wconf 88' lang='lat' dir='ltr'><strong>luctu</strong></span> <span class='ocrx_word' id='word_1_193' title='bbox 1065 2040 1210 2077; x_wconf 85' lang='lat' dir='ltr'><strong>vestro</strong></span> <span class='ocrx_word' id='word_1_194' title='bbox 1242 2036 1379 2077; x_wconf 89' lang='lat' dir='ltr'><strong>nuntii</strong></span> <span class='ocrx_word' id='word_1_195' title='bbox 1418 2036 1647 2077; x_wconf 83' lang='lat' dir='ltr'><strong>atrocitate</strong></span> <span class='ocrx_word' id='word_1_196' title='bbox 1691 2037 1938 2091; x_wconf 89' lang='lat' dir='ltr'><strong>perculsus,</strong></span> <span class='ocrx_word' id='word_1_197' title='bbox 1982 2037 2151 2077; x_wconf 86' lang='lat' dir='ltr'><strong>facilius</strong></span> <span class='ocrx_word' id='word_1_198' title='bbox 2184 2051 2260 2077; x_wconf 87' lang='lat' dir='ltr'><strong>vos</strong></span> <span class='ocrx_word' id='word_1_199' title='bbox 2301 2050 2377 2091; x_wconf 88' lang='lat' dir='ltr'><strong>pro</strong></span> 
     </span>
     <span class='ocr_line' id='line_1_27' title="bbox 189 2105 2378 2164; baseline -0.002 -13"><span class='ocrx_word' id='word_1_200' title='bbox 189 2119 334 2151; x_wconf 89' lang='lat' dir='ltr'><strong>mutuo</strong></span> <span class='ocrx_word' id='word_1_201' title='bbox 368 2109 547 2164; x_wconf 79' lang='lat' dir='ltr'><strong>potestis</strong></span> <span class='ocrx_word' id='word_1_202' title='bbox 580 2121 724 2148; x_wconf 82' lang='lat' dir='ltr'><strong>amore</strong></span> <span class='ocrx_word' id='word_1_203' title='bbox 760 2107 971 2155; x_wconf 88' lang='lat' dir='ltr'><strong>conicere,</strong></span> <span class='ocrx_word' id='word_1_204' title='bbox 1011 2119 1138 2160; x_wconf 87' lang='lat' dir='ltr'><strong>quam</strong></span> <span class='ocrx_word' id='word_1_205' title='bbox 1171 2119 1250 2160; x_wconf 88' lang='lat' dir='ltr'><strong>ego</strong></span> <span class='ocrx_word' id='word_1_206' title='bbox 1282 2105 1444 2160; x_wconf 89' lang='lat' dir='ltr'><strong>possim</strong></span> <span class='ocrx_word' id='word_1_207' title='bbox 1477 2105 1633 2146; x_wconf 88' lang='lat' dir='ltr'><strong>litteris</strong></span> <span class='ocrx_word' id='word_1_208' title='bbox 1665 2106 1878 2157; x_wconf 85' lang='lat' dir='ltr'><strong>intimare,</strong></span> <span class='ocrx_word' id='word_1_209' title='bbox 1919 2106 2018 2161; x_wconf 88' lang='lat' dir='ltr'><strong>quia</strong></span> <span class='ocrx_word' id='word_1_210' title='bbox 2050 2107 2216 2147; x_wconf 86' lang='lat' dir='ltr'><strong>animus</strong></span> <span class='ocrx_word' id='word_1_211' title='bbox 2249 2105 2378 2146; x_wconf 89' lang='lat' dir='ltr'><strong>nimio</strong></span> 
     </span>
     <span class='ocr_line' id='line_1_28' title="bbox 189 2174 2378 2231; baseline -0.003 -10"><span class='ocrx_word' id='word_1_212' title='bbox 189 2194 381 2221; x_wconf 81' lang='lat' dir='ltr'><strong>maerore</strong></span> <span class='ocrx_word' id='word_1_213' title='bbox 415 2178 650 2223; x_wconf 72' lang='lat' dir='ltr'><strong>confectus,</strong></span> <span class='ocrx_word' id='word_1_214' title='bbox 684 2176 796 2231; x_wconf 85' lang='lat' dir='ltr'><strong>quod</strong></span> <span class='ocrx_word' id='word_1_215' title='bbox 830 2176 972 2216; x_wconf 87' lang='lat' dir='ltr'><strong>horret</strong></span> <span class='ocrx_word' id='word_1_216' title='bbox 1004 2175 1211 2225; x_wconf 88' lang='lat' dir='ltr'><strong>recolere,</strong></span> <span class='ocrx_word' id='word_1_217' title='bbox 1244 2175 1387 2215; x_wconf 89' lang='lat' dir='ltr'><strong>renuit</strong></span> <span class='ocrx_word' id='word_1_218' title='bbox 1420 2174 1640 2230; x_wconf 84' lang='lat' dir='ltr'><strong>expedire.</strong></span> <span class='ocrx_word' id='word_1_219' title='bbox 1693 2175 1835 2227; x_wconf 89' lang='grc'>(10100,</span> <span class='ocrx_word' id='word_1_220' title='bbox 1866 2176 2021 2216; x_wconf 86' lang='lat' dir='ltr'><strong>fratres</strong></span> <span class='ocrx_word' id='word_1_221' title='bbox 2054 2174 2378 2225; x_wconf 84' lang='lat' dir='ltr'><strong>devinctissimi,</strong></span> 
     </span>
     <span class='ocr_line' id='line_1_29' title="bbox 190 2243 2379 2299; baseline -0.003 -9"><span class='ocrx_word' id='word_1_222' title='bbox 190 2256 274 2290; x_wconf 81' lang='grc'>111111</span> <span class='ocrx_word' id='word_1_223' title='bbox 323 2249 479 2289; x_wconf 76' lang='lat' dir='ltr'><strong>acerbo</strong></span> <span class='ocrx_word' id='word_1_224' title='bbox 527 2247 643 2287; x_wconf 83' lang='lat' dir='ltr'><strong>casui</strong></span> <span class='ocrx_word' id='word_1_225' title='bbox 687 2251 830 2287; x_wconf 83' lang='lat' dir='ltr'><strong>vestro</strong></span> <span class='ocrx_word' id='word_1_226' title='bbox 874 2249 916 2285; x_wconf 92' lang='lat' dir='ltr'><strong>et</strong></span> <span class='ocrx_word' id='word_1_227' title='bbox 958 2248 1047 2285; x_wconf 90' lang='lat' dir='ltr'><strong>toto</strong></span> <span class='ocrx_word' id='word_1_228' title='bbox 1091 2244 1220 2285; x_wconf 89' lang='lat' dir='ltr'><strong>corde</strong></span> <span class='ocrx_word' id='word_1_229' title='bbox 1265 2245 1514 2298; x_wconf 89' lang='lat' dir='ltr'><strong>compatior.</strong></span> <span class='ocrx_word' id='word_1_230' title='bbox 1586 2259 1685 2285; x_wconf 92' lang='lat' dir='ltr'><strong>nam</strong></span> <span class='ocrx_word' id='word_1_231' title='bbox 1730 2245 1811 2286; x_wconf 88' lang='lat' dir='ltr'><strong>etsi</strong></span> <span class='ocrx_word' id='word_1_232' title='bbox 1851 2244 1905 2285; x_wconf 82' lang='lat' dir='ltr'><strong>ad</strong></span> <span class='ocrx_word' id='word_1_233' title='bbox 1948 2258 2157 2299; x_wconf 87' lang='lat' dir='ltr'><strong>praesens</strong></span> <span class='ocrx_word' id='word_1_234' title='bbox 2197 2258 2221 2284; x_wconf 88' lang='lat' dir='ltr'><strong>a</strong></span> <span class='ocrx_word' id='word_1_235' title='bbox 2258 2243 2379 2284; x_wconf 92' lang='lat' dir='ltr'><strong>vobis</strong></span> 
     </span>
     <span class='ocr_line' id='line_1_30' title="bbox 189 2312 2379 2374; baseline -0.003 -15"><span class='ocrx_word' id='word_1_236' title='bbox 189 2319 431 2374; x_wconf 80' lang='lat' dir='ltr'><strong>disparatus</strong></span> <span class='ocrx_word' id='word_1_237' title='bbox 470 2330 563 2357; x_wconf 88' lang='lat' dir='ltr'><strong>sum</strong></span> <span class='ocrx_word' id='word_1_238' title='bbox 603 2329 799 2369; x_wconf 75' lang='lat' dir='ltr'><strong>corpore.</strong></span> <span class='ocrx_word' id='word_1_239' title='bbox 844 2319 987 2355; x_wconf 87' lang='lat' dir='ltr'><strong>tamen</strong></span> <span class='ocrx_word' id='word_1_240' title='bbox 1028 2327 1197 2369; x_wconf 89' lang='lat' dir='ltr'><strong>semper</strong></span> <span class='ocrx_word' id='word_1_241' title='bbox 1229 2318 1373 2354; x_wconf 90' lang='lat' dir='ltr'><strong>mente</strong></span> <span class='ocrx_word' id='word_1_242' title='bbox 1408 2313 1657 2368; x_wconf 89' lang='lat' dir='ltr'><strong>coniungor,</strong></span> <span class='ocrx_word' id='word_1_243' title='bbox 1699 2317 1741 2354; x_wconf 89' lang='lat' dir='ltr'><strong>et</strong></span> <span class='ocrx_word' id='word_1_244' title='bbox 1773 2313 1874 2354; x_wconf 87' lang='lat' dir='ltr'><strong>dum</strong></span> <span class='ocrx_word' id='word_1_245' title='bbox 1906 2327 1931 2353; x_wconf 89' lang='lat' dir='ltr'><strong>a</strong></span> <span class='ocrx_word' id='word_1_246' title='bbox 1963 2313 2085 2353; x_wconf 91' lang='lat' dir='ltr'><strong>vobis</strong></span> <span class='ocrx_word' id='word_1_247' title='bbox 2118 2312 2260 2353; x_wconf 89' lang='lat' dir='ltr'><strong>animo</strong></span> <span class='ocrx_word' id='word_1_248' title='bbox 2293 2326 2379 2353; x_wconf 90' lang='lat' dir='ltr'><strong>non</strong></span> 
     </span>
     <span class='ocr_line' id='line_1_31' title="bbox 189 2380 2379 2441; baseline -0.003 -13"><span class='ocrx_word' id='word_1_249' title='bbox 189 2386 355 2428; x_wconf 87' lang='lat' dir='ltr'><strong>recedo.</strong></span> <span class='ocrx_word' id='word_1_250' title='bbox 388 2385 633 2441; x_wconf 81' lang='lat' dir='ltr'><strong>planctibus</strong></span> <span class='ocrx_word' id='word_1_251' title='bbox 658 2382 813 2425; x_wconf 84' lang='lat' dir='ltr'><strong>vestris</strong></span> <span class='ocrx_word' id='word_1_252' title='bbox 846 2383 1057 2423; x_wconf 86' lang='lat' dir='ltr'><strong>interesse</strong></span> <span class='ocrx_word' id='word_1_253' title='bbox 1090 2396 1158 2423; x_wconf 88' lang='lat' dir='ltr'><strong>me</strong></span> <span class='ocrx_word' id='word_1_254' title='bbox 1193 2382 1335 2433; x_wconf 88' lang='lat' dir='ltr'><strong>credo,</strong></span> <span class='ocrx_word' id='word_1_255' title='bbox 1369 2383 1468 2437; x_wconf 84' lang='lat' dir='ltr'><strong>quia</strong></span> <span class='ocrx_word' id='word_1_256' title='bbox 1491 2382 1726 2423; x_wconf 90' lang='lat' dir='ltr'><strong>secundum</strong></span> <span class='ocrx_word' id='word_1_257' title='bbox 1750 2381 1937 2423; x_wconf 88' lang='lat' dir='ltr'><strong>divinam</strong></span> <span class='ocrx_word' id='word_1_258' title='bbox 1962 2383 2222 2424; x_wconf 88' lang='lat' dir='ltr'><strong>sententiam</strong></span> <span class='ocrx_word' id='word_1_259' title='bbox 2246 2380 2379 2437; x_wconf 87' lang='lat' dir='ltr'><strong>quod</strong></span> 
     </span>
     <span class='ocr_line' id='line_1_32' title="bbox 190 2450 2379 2512; baseline -0.003 -15"><span class='ocrx_word' id='word_1_260' title='bbox 190 2457 392 2512; x_wconf 82' lang='lat' dir='ltr'><strong>patitur</strong></span> <span class='ocrx_word' id='word_1_261' title='bbox 425 2469 577 2496; x_wconf 90' lang='lat' dir='ltr'><strong>unum</strong></span> <span class='ocrx_word' id='word_1_262' title='bbox 610 2453 893 2494; x_wconf 88' lang='lat' dir='ltr'><strong>membrum</strong></span> <span class='ocrx_word' id='word_1_263' title='bbox 926 2452 1099 2492; x_wconf 90' lang='lat' dir='ltr'><strong>omnia</strong></span> <span class='ocrx_word' id='word_1_264' title='bbox 1131 2452 1358 2493; x_wconf 88' lang='lat' dir='ltr'><strong>membra</strong></span> <span class='ocrx_word' id='word_1_265' title='bbox 1399 2451 1795 2506; x_wconf 88' lang='lat' dir='ltr'><strong>compatiuntur</strong></span> <span class='ocrx_word' id='word_1_266' title='bbox 1825 2451 1868 2491; x_wconf 94' lang='lat' dir='ltr'><strong>in</strong></span> <span class='ocrx_word' id='word_1_267' title='bbox 1901 2465 2092 2506; x_wconf 90' lang='lat' dir='ltr'><strong>corpore.</strong></span> <span class='ocrx_word' id='word_1_268' title='bbox 2153 2465 2231 2492; x_wconf 91' lang='lat' dir='ltr'><strong>nos</strong></span> <span class='ocrx_word' id='word_1_269' title='bbox 2264 2450 2379 2491; x_wconf 90' lang='lat' dir='ltr'><strong>enim</strong></span> 
     </span>
     <span class='ocr_line' id='line_1_33' title="bbox 192 2521 2379 2576; baseline -0.002 -10"><span class='ocrx_word' id='word_1_270' title='bbox 192 2540 273 2566; x_wconf 86' lang='lat' dir='ltr'><strong>non</strong></span> <span class='ocrx_word' id='word_1_271' title='bbox 309 2526 445 2565; x_wconf 80' lang='lat' dir='ltr'><strong>solum</strong></span> <span class='ocrx_word' id='word_1_272' title='bbox 479 2523 560 2564; x_wconf 78' lang='lat' dir='ltr'><strong>fide</strong></span> <span class='ocrx_word' id='word_1_273' title='bbox 594 2535 954 2576; x_wconf 82' lang='lat' dir='ltr'><strong>concorporamur</strong></span> <span class='ocrx_word' id='word_1_274' title='bbox 986 2522 1028 2561; x_wconf 92' lang='lat' dir='ltr'><strong>in</strong></span> <span class='ocrx_word' id='word_1_275' title='bbox 1063 2521 1248 2573; x_wconf 85' lang='lat' dir='ltr'><strong>Christo,</strong></span> <span class='ocrx_word' id='word_1_276' title='bbox 1282 2521 1358 2562; x_wconf 91' lang='lat' dir='ltr'><strong>sed</strong></span> <span class='ocrx_word' id='word_1_277' title='bbox 1392 2521 1521 2562; x_wconf 88' lang='lat' dir='ltr'><strong>etiam</strong></span> <span class='ocrx_word' id='word_1_278' title='bbox 1552 2521 1736 2561; x_wconf 88' lang='lat' dir='ltr'><strong>filiorum</strong></span> <span class='ocrx_word' id='word_1_279' title='bbox 1768 2521 2068 2562; x_wconf 90' lang='lat' dir='ltr'><strong>coniunctione</strong></span> <span class='ocrx_word' id='word_1_280' title='bbox 2102 2521 2379 2562; x_wconf 91' lang='lat' dir='ltr'><strong>conectimur.</strong></span> 
     </span>
     <span class='ocr_line' id='line_1_34' title="bbox 189 2588 2379 2645; baseline -0.003 -11"><span class='ocrx_word' id='word_1_281' title='bbox 189 2594 301 2634; x_wconf 87' lang='lat' dir='ltr'><strong>unde</strong></span> <span class='ocrx_word' id='word_1_282' title='bbox 335 2593 482 2643; x_wconf 66' lang='lat' dir='ltr'><strong>etiam,</strong></span> <span class='ocrx_word' id='word_1_283' title='bbox 525 2592 557 2632; x_wconf 88' lang='grc'><strong>51</strong></span> <span class='ocrx_word' id='word_1_284' title='bbox 592 2605 791 2632; x_wconf 82' lang='lat' dir='ltr'><strong>aurarum</strong></span> <span class='ocrx_word' id='word_1_285' title='bbox 823 2594 943 2630; x_wconf 86' lang='lat' dir='ltr'><strong>tanta</strong></span> <span class='ocrx_word' id='word_1_286' title='bbox 975 2590 1256 2644; x_wconf 88' lang='lat' dir='ltr'><strong>intemperies</strong></span> <span class='ocrx_word' id='word_1_287' title='bbox 1289 2589 1582 2644; x_wconf 71' lang='lat' dir='ltr'><strong>permisisset,</strong></span> <span class='ocrx_word' id='word_1_288' title='bbox 1628 2589 1682 2630; x_wconf 89' lang='lat' dir='ltr'><strong>ad</strong></span> <span class='ocrx_word' id='word_1_289' title='bbox 1715 2590 1914 2631; x_wconf 87' lang='lat' dir='ltr'><strong>solandos</strong></span> <span class='ocrx_word' id='word_1_290' title='bbox 1949 2605 2023 2631; x_wconf 92' lang='lat' dir='ltr'><strong>vos</strong></span> <span class='ocrx_word' id='word_1_291' title='bbox 2062 2604 2138 2645; x_wconf 89' lang='lat' dir='ltr'><strong>pro</strong></span> <span class='ocrx_word' id='word_1_292' title='bbox 2183 2588 2379 2644; x_wconf 89' lang='lat' dir='ltr'><strong>epistulis</strong></span> 
     </span>
     <span class='ocr_line' id='line_1_35' title="bbox 190 2657 2378 2718; baseline -0.002 -15"><span class='ocrx_word' id='word_1_293' title='bbox 190 2664 282 2718; x_wconf 75' lang='lat' dir='ltr'><strong>ipse</strong></span> <span class='ocrx_word' id='word_1_294' title='bbox 316 2662 545 2703; x_wconf 73' lang='lat' dir='ltr'><strong>venissem.</strong></span> <span class='ocrx_word' id='word_1_295' title='bbox 606 2659 680 2700; x_wconf 80' lang='lat' dir='ltr'><strong>sed</strong></span> <span class='ocrx_word' id='word_1_296' title='bbox 713 2659 811 2714; x_wconf 90' lang='lat' dir='ltr'><strong>quid</strong></span> <span class='ocrx_word' id='word_1_297' title='bbox 843 2659 1037 2709; x_wconf 84' lang='lat' dir='ltr'><strong>facimus,</strong></span> <span class='ocrx_word' id='word_1_298' title='bbox 1081 2659 1234 2699; x_wconf 86' lang='lat' dir='ltr'><strong>fratres</strong></span> <span class='ocrx_word' id='word_1_299' title='bbox 1267 2658 1430 2714; x_wconf 87' lang='lat' dir='ltr'><strong>optimi,</strong></span> <span class='ocrx_word' id='word_1_300' title='bbox 1472 2658 1583 2712; x_wconf 92' lang='lat' dir='ltr'><strong>quod</strong></span> <span class='ocrx_word' id='word_1_301' title='bbox 1616 2658 1787 2700; x_wconf 83' lang='lat' dir='ltr'><strong>(livinae</strong></span> <span class='ocrx_word' id='word_1_302' title='bbox 1820 2659 2025 2700; x_wconf 87' lang='lat' dir='ltr'><strong>resistere</strong></span> <span class='ocrx_word' id='word_1_303' title='bbox 2057 2658 2235 2699; x_wconf 90' lang='lat' dir='ltr'><strong>iussioni</strong></span> <span class='ocrx_word' id='word_1_304' title='bbox 2269 2657 2378 2699; x_wconf 88' lang='lat' dir='ltr'><strong>sicut</strong></span> 
     </span>
     <span class='ocr_line' id='line_1_36' title="bbox 191 2727 2380 2785; baseline -0.002 -14"><span class='ocrx_word' id='word_1_305' title='bbox 191 2733 346 2772; x_wconf 79' lang='lat' dir='ltr'><strong>virtute</strong></span> <span class='ocrx_word' id='word_1_306' title='bbox 380 2745 463 2771; x_wconf 90' lang='lat' dir='ltr'><strong>non</strong></span> <span class='ocrx_word' id='word_1_307' title='bbox 497 2743 737 2785; x_wconf 74' lang='lat' dir='ltr'><strong>possumuS,</strong></span> <span class='ocrx_word' id='word_1_308' title='bbox 776 2729 836 2768; x_wconf 88' lang='lat' dir='ltr'><strong>ita</strong></span> <span class='ocrx_word' id='word_1_309' title='bbox 866 2742 944 2768; x_wconf 90' lang='lat' dir='ltr'><strong>nee</strong></span> <span class='ocrx_word' id='word_1_310' title='bbox 977 2729 1198 2769; x_wconf 87' lang='lat' dir='ltr'><strong>voluntate</strong></span> <span class='ocrx_word' id='word_1_311' title='bbox 1233 2727 1440 2769; x_wconf 89' lang='lat' dir='ltr'><strong>debemus</strong></span> <span class='ocrx_word' id='word_1_312' title='bbox 1476 2731 1519 2768; x_wconf 92' lang='lat' dir='ltr'><strong>et</strong></span> <span class='ocrx_word' id='word_1_313' title='bbox 1551 2728 1665 2768; x_wconf 88' lang='lat' dir='ltr'><strong>omni</strong></span> <span class='ocrx_word' id='word_1_314' title='bbox 1696 2727 1978 2782; x_wconf 86' lang='lat' dir='ltr'><strong>advigilantia</strong></span> <span class='ocrx_word' id='word_1_315' title='bbox 2001 2741 2278 2782; x_wconf 79' lang='lat' dir='ltr'><strong>praecavere,</strong></span> <span class='ocrx_word' id='word_1_316' title='bbox 2311 2740 2380 2778; x_wconf 88' lang='lat' dir='ltr'><strong>ne,</strong></span> 
     </span>
     <span class='ocr_line' id='line_1_37' title="bbox 191 2794 2373 2852; baseline -0.003 -11"><span class='ocrx_word' id='word_1_317' title='bbox 191 2800 289 2841; x_wconf 87' lang='grc'>(111111</span> <span class='ocrx_word' id='word_1_318' title='bbox 322 2799 463 2839; x_wconf 84' lang='lat' dir='ltr'><strong>dulcia</strong></span> <span class='ocrx_word' id='word_1_319' title='bbox 496 2797 620 2838; x_wconf 89' lang='lat' dir='ltr'><strong>nobis</strong></span> <span class='ocrx_word' id='word_1_320' title='bbox 652 2797 831 2851; x_wconf 86' lang='lat' dir='ltr'><strong>pignora</strong></span> <span class='ocrx_word' id='word_1_321' title='bbox 863 2797 991 2837; x_wconf 90' lang='lat' dir='ltr'><strong>nimio</strong></span> <span class='ocrx_word' id='word_1_322' title='bbox 1025 2796 1171 2838; x_wconf 91' lang='lat' dir='ltr'><strong>dolore</strong></span> <span class='ocrx_word' id='word_1_323' title='bbox 1204 2797 1425 2849; x_wconf 77' lang='lat' dir='ltr'><strong>deflemus,</strong></span> <span class='ocrx_word' id='word_1_324' title='bbox 1459 2797 1703 2852; x_wconf 85' lang='lat' dir='ltr'><strong>blasphemi</strong></span> <span class='ocrx_word' id='word_1_325' title='bbox 1726 2801 1800 2838; x_wconf 88' lang='lat' dir='ltr'><strong>aut</strong></span> <span class='ocrx_word' id='word_1_326' title='bbox 1821 2796 2007 2851; x_wconf 89' lang='lat' dir='ltr'><strong>quodam</strong></span> <span class='ocrx_word' id='word_1_327' title='bbox 2029 2795 2156 2837; x_wconf 89' lang='lat' dir='ltr'><strong>modo</strong></span> <span class='ocrx_word' id='word_1_328' title='bbox 2184 2794 2373 2836; x_wconf 90' lang='lat' dir='ltr'><strong>iniuriosi</strong></span> 
     </span>
     <span class='ocr_line' id='line_1_38' title="bbox 192 2864 2382 2920; baseline -0.002 -11"><span class='ocrx_word' id='word_1_329' title='bbox 192 2869 460 2909; x_wconf 79' lang='lat' dir='ltr'><strong>inveniamur</strong></span> <span class='ocrx_word' id='word_1_330' title='bbox 506 2868 546 2907; x_wconf 93' lang='lat' dir='ltr'><strong>in</strong></span> <span class='ocrx_word' id='word_1_331' title='bbox 596 2866 766 2907; x_wconf 86' lang='lat' dir='ltr'><strong>domino</strong></span> <span class='ocrx_word' id='word_1_332' title='bbox 814 2871 856 2906; x_wconf 89' lang='lat' dir='ltr'><strong>et</strong></span> <span class='ocrx_word' id='word_1_333' title='bbox 902 2866 1074 2920; x_wconf 87' lang='lat' dir='ltr'><strong>gravius</strong></span> <span class='ocrx_word' id='word_1_334' title='bbox 1120 2866 1306 2907; x_wconf 86' lang='lat' dir='ltr'><strong>animam</strong></span> <span class='ocrx_word' id='word_1_335' title='bbox 1353 2869 1546 2907; x_wconf 88' lang='lat' dir='ltr'><strong>nostram</strong></span> <span class='ocrx_word' id='word_1_336' title='bbox 1601 2869 1751 2907; x_wconf 86' lang='lat' dir='ltr'><strong>auctor</strong></span> <span class='ocrx_word' id='word_1_337' title='bbox 1795 2865 1928 2920; x_wconf 88' lang='lat' dir='ltr'><strong>ipsius</strong></span> <span class='ocrx_word' id='word_1_338' title='bbox 1981 2865 2150 2916; x_wconf 88' lang='lat' dir='ltr'><strong>mortis,</strong></span> <span class='ocrx_word' id='word_1_339' title='bbox 2206 2864 2382 2904; x_wconf 89' lang='lat' dir='ltr'><strong>inventa</strong></span> 
     </span>
     <span class='ocr_line' id='line_1_39' title="bbox 191 2933 2380 2991; baseline 0 -17"><span class='ocrx_word' id='word_1_340' title='bbox 191 2938 439 2985; x_wconf 71' lang='lat' dir='ltr'><strong>occasione,</strong></span> <span class='ocrx_word' id='word_1_341' title='bbox 484 2935 720 2986; x_wconf 85' lang='lat' dir='ltr'><strong>confodiat,</strong></span> <span class='ocrx_word' id='word_1_342' title='bbox 764 2949 889 2989; x_wconf 82' lang='lat' dir='ltr'><strong>quam</strong></span> <span class='ocrx_word' id='word_1_343' title='bbox 933 2949 1127 2976; x_wconf 87' lang='lat' dir='ltr'><strong>carorum</strong></span> <span class='ocrx_word' id='word_1_344' title='bbox 1165 2936 1399 2976; x_wconf 90' lang='lat' dir='ltr'><strong>amissione</strong></span> <span class='ocrx_word' id='word_1_345' title='bbox 1442 2936 1667 2991; x_wconf 89' lang='lat' dir='ltr'><strong>percussit.</strong></span> <span class='ocrx_word' id='word_1_346' title='bbox 1729 2934 1826 2975; x_wconf 90' lang='lat' dir='ltr'><strong>ideo</strong></span> <span class='ocrx_word' id='word_1_347' title='bbox 1866 2935 1907 2975; x_wconf 92' lang='lat' dir='ltr'><strong>in</strong></span> <span class='ocrx_word' id='word_1_348' title='bbox 1949 2935 2063 2975; x_wconf 88' lang='lat' dir='ltr'><strong>omni</strong></span> <span class='ocrx_word' id='word_1_349' title='bbox 2095 2933 2380 2975; x_wconf 88' lang='lat' dir='ltr'><strong>amaritudine</strong></span> 
     </span>
     <span class='ocr_line' id='line_1_40' title="bbox 195 3001 2380 3059; baseline -0.002 -13"><span class='ocrx_word' id='word_1_350' title='bbox 195 3008 259 3047; x_wconf 79' lang='lat' dir='ltr'><strong>vcl</strong></span> <span class='ocrx_word' id='word_1_351' title='bbox 294 3006 439 3047; x_wconf 82' lang='lat' dir='ltr'><strong>dolore</strong></span> <span class='ocrx_word' id='word_1_352' title='bbox 474 3005 525 3045; x_wconf 84' lang='lat' dir='ltr'><strong>ad</strong></span> <span class='ocrx_word' id='word_1_353' title='bbox 560 3006 677 3045; x_wconf 88' lang='lat' dir='ltr'><strong>illum</strong></span> <span class='ocrx_word' id='word_1_354' title='bbox 710 3004 834 3044; x_wconf 85' lang='lat' dir='ltr'><strong>nobis</strong></span> <span class='ocrx_word' id='word_1_355' title='bbox 868 3004 1169 3059; x_wconf 85' lang='lat' dir='ltr'><strong>refugiendum</strong></span> <span class='ocrx_word' id='word_1_356' title='bbox 1202 3009 1268 3046; x_wconf 87' lang='lat' dir='ltr'><strong>est</strong></span> <span class='ocrx_word' id='word_1_357' title='bbox 1301 3009 1343 3046; x_wconf 91' lang='lat' dir='ltr'><strong>et</strong></span> <span class='ocrx_word' id='word_1_358' title='bbox 1375 3004 1429 3045; x_wconf 86' lang='lat' dir='ltr'><strong>ad</strong></span> <span class='ocrx_word' id='word_1_359' title='bbox 1460 3005 1580 3045; x_wconf 91' lang='lat' dir='ltr'><strong>illum</strong></span> <span class='ocrx_word' id='word_1_360' title='bbox 1613 3018 1763 3045; x_wconf 86' lang='lat' dir='ltr'><strong>omnes</strong></span> <span class='ocrx_word' id='word_1_361' title='bbox 1797 3017 1924 3044; x_wconf 89' lang='lat' dir='ltr'><strong>casus</strong></span> <span class='ocrx_word' id='word_1_362' title='bbox 1958 3004 2091 3044; x_wconf 86' lang='lat' dir='ltr'><strong>nostri</strong></span> <span class='ocrx_word' id='word_1_363' title='bbox 2123 3006 2211 3043; x_wconf 88' lang='lat' dir='ltr'><strong>toto</strong></span> <span class='ocrx_word' id='word_1_364' title='bbox 2253 3001 2380 3042; x_wconf 90' lang='lat' dir='ltr'><strong>corde</strong></span> 
     </span>
    </p>
   </div>
   <div class='ocr_carea' id='block_1_12' title="bbox 327 3176 1247 3217">
    <p class='ocr_par' dir='ltr' id='par_1_12' title="bbox 327 3176 1247 3217">
     <span class='ocr_line' id='line_1_41' title="bbox 327 3176 1247 3217; baseline 0.001 -8"><span class='ocrx_word' id='word_1_365' title='bbox 327 3178 347 3209; x_wconf 63' lang='grc' dir='ltr'><strong>ξ’</strong></span> <span class='ocrx_word' id='word_1_366' title='bbox 376 3177 400 3210; x_wconf 90' lang='lat' dir='ltr'><strong>I.</strong></span> <span class='ocrx_word' id='word_1_367' title='bbox 428 3178 505 3211; x_wconf 60' lang='lat' dir='ltr'><strong>(ss&#39;or.</strong></span> <span class='ocrx_word' id='word_1_368' title='bbox 532 3177 628 3216; x_wconf 75' lang='lat' dir='ltr'>XIII,</span> <span class='ocrx_word' id='word_1_369' title='bbox 656 3177 684 3210; x_wconf 76' lang='lat'><strong>7.</strong></span> <span class='ocrx_word' id='word_1_370' title='bbox 711 3178 742 3209; x_wconf 74' lang='lat'><strong>8.</strong></span> <span class='ocrx_word' id='word_1_371' title='bbox 860 3178 903 3210; x_wconf 71' lang='lat'><strong>‘2⁴3</strong></span> <span class='ocrx_word' id='word_1_372' title='bbox 931 3177 955 3210; x_wconf 87' lang='lat' dir='ltr'><strong>l.</strong></span> <span class='ocrx_word' id='word_1_373' title='bbox 982 3176 1059 3211; x_wconf 82' lang='lat' dir='ltr'><strong>Cor.</strong></span> <span class='ocrx_word' id='word_1_374' title='bbox 1088 3176 1166 3217; x_wconf 80' lang='lat' dir='ltr'><strong>XII,</strong></span> <span class='ocrx_word' id='word_1_375' title='bbox 1193 3178 1247 3211; x_wconf 70' lang='lat'><strong>2⁴3.</strong></span> 
     </span>
    </p>
   </div>
   <div class='ocr_carea' id='block_1_13' title="bbox 192 3266 2384 3769">
    <p class='ocr_par' dir='ltr' id='par_1_13' title="bbox 192 3266 2384 3769">
     <span class='ocr_line' id='line_1_42' title="bbox 329 3266 2383 3312; baseline -0.003 -9"><span class='ocrx_word' id='word_1_376' title='bbox 329 3273 349 3303; x_wconf 74' lang='lat'><em>2</em></span> <span class='ocrx_word' id='word_1_377' title='bbox 375 3272 529 3303; x_wconf 67' lang='lat' dir='ltr'><strong>sublimis</strong></span> <span class='ocrx_word' id='word_1_378' title='bbox 552 3272 579 3300; x_wconf 80' lang='grc' dir='ltr'><strong>(ι’</strong></span> <span class='ocrx_word' id='word_1_379' title='bbox 667 3271 902 3302; x_wconf 63' lang='lat' dir='ltr'><strong>‹lcuictissimis</strong></span> <span class='ocrx_word' id='word_1_380' title='bbox 924 3271 952 3301; x_wconf 61' lang='grc' dir='ltr'><strong>(ἰ</strong></span> <span class='ocrx_word' id='word_1_381' title='bbox 1091 3269 1112 3302; x_wconf 83' lang='lat'><strong>3</strong></span> <span class='ocrx_word' id='word_1_382' title='bbox 1137 3271 1288 3302; x_wconf 81' lang='lat' dir='ltr'><strong>namacio</strong></span> <span class='ocrx_word' id='word_1_383' title='bbox 1310 3271 1339 3301; x_wconf 63' lang='grc' dir='ltr'><strong>(τ’</strong></span> <span class='ocrx_word' id='word_1_384' title='bbox 1476 3268 1499 3301; x_wconf 78' lang='lat'>4</span> <span class='ocrx_word' id='word_1_385' title='bbox 1522 3270 1626 3312; x_wconf 82' lang='lat' dir='ltr'><strong>gratis</strong></span> <span class='ocrx_word' id='word_1_386' title='bbox 1649 3269 1711 3309; x_wconf 58' lang='grc' dir='ltr'>(χί,</span> <span class='ocrx_word' id='word_1_387' title='bbox 1737 3280 1824 3301; x_wconf 74' lang='lat' dir='ltr'><strong>corr.</strong></span> <span class='ocrx_word' id='word_1_388' title='bbox 1921 3279 1980 3309; x_wconf 87' lang='lat' dir='ltr'><strong>pro</strong></span> <span class='ocrx_word' id='word_1_389' title='bbox 2005 3267 2168 3309; x_wconf 68' lang='lat' dir='ltr'><strong>supplevit</strong></span> <span class='ocrx_word' id='word_1_390' title='bbox 2185 3266 2383 3308; x_wconf 61' lang='lat' dir='ltr'><strong>Lv&#39;c&#39;igjohann</strong></span> 
     </span>
     <span class='ocr_line' id='line_1_43' title="bbox 192 3319 2381 3371; baseline -0.001 -14"><span class='ocrx_word' id='word_1_391' title='bbox 192 3329 212 3358; x_wconf 81' lang='grc'><strong>,’1</strong></span> <span class='ocrx_word' id='word_1_392' title='bbox 238 3327 441 3371; x_wconf 62' lang='lat' dir='ltr'><strong>uisitatione]</strong></span> <span class='ocrx_word' id='word_1_393' title='bbox 470 3328 677 3369; x_wconf 63' lang='lat' dir='ltr'><strong>L‘islj0hun1‘1,</strong></span> <span class='ocrx_word' id='word_1_394' title='bbox 709 3340 730 3359; x_wconf 91' lang='lat' dir='ltr'><strong>u</strong></span> <span class='ocrx_word' id='word_1_395' title='bbox 746 3326 767 3361; x_wconf 53' lang='grc' dir='ltr'><strong>(ἶ</strong></span> <span class='ocrx_word' id='word_1_396' title='bbox 790 3332 871 3362; x_wconf 68' lang='lat' dir='ltr'><strong>ras.)</strong></span> <span class='ocrx_word' id='word_1_397' title='bbox 887 3327 913 3358; x_wconf 83' lang='lat' dir='ltr'><strong>si</strong></span> <span class='ocrx_word' id='word_1_398' title='bbox 932 3326 1030 3363; x_wconf 65' lang='lat' dir='ltr'><strong>stati?</strong></span> <span class='ocrx_word' id='word_1_399' title='bbox 1054 3326 1233 3369; x_wconf 50' lang='lat' dir='ltr'><strong>raafflone</strong></span> <span class='ocrx_word' id='word_1_400' title='bbox 1262 3328 1291 3359; x_wconf 83' lang='lat' dir='ltr'><em>G</em></span> <span class='ocrx_word' id='word_1_401' title='bbox 1397 3331 1537 3369; x_wconf 82' lang='lat' dir='ltr'><strong>patrono</strong></span> <span class='ocrx_word' id='word_1_402' title='bbox 1566 3326 1606 3366; x_wconf 80' lang='lat' dir='ltr'><strong>G,</strong></span> <span class='ocrx_word' id='word_1_403' title='bbox 1631 3337 1719 3357; x_wconf 84' lang='lat' dir='ltr'><strong>corr.</strong></span> <span class='ocrx_word' id='word_1_404' title='bbox 1826 3322 1951 3366; x_wconf 79' lang='lat' dir='ltr'><strong>domni]</strong></span> <span class='ocrx_word' id='word_1_405' title='bbox 1982 3324 2011 3355; x_wconf 82' lang='lat' dir='ltr'><em>G</em></span> <span class='ocrx_word' id='word_1_406' title='bbox 2169 3323 2190 3355; x_wconf 76' lang='lat' dir='ltr'><strong>b·</strong></span> <span class='ocrx_word' id='word_1_407' title='bbox 2215 3319 2381 3364; x_wconf 81' lang='lat' dir='ltr'><strong>nostrum]</strong></span> 
     </span>
     <span class='ocr_line' id='line_1_44' title="bbox 194 3379 2383 3427; baseline -0.003 -11"><span class='ocrx_word' id='word_1_408' title='bbox 194 3386 400 3427; x_wconf 65' lang='grc' dir='ltr'><strong>Ι,«ἰ“ζ)“ι)Ιι(ι-ιιίι,</strong></span> <span class='ocrx_word' id='word_1_409' title='bbox 425 3391 576 3417; x_wconf 73' lang='lat' dir='ltr'><strong>uestrum</strong></span> <span class='ocrx_word' id='word_1_410' title='bbox 607 3386 635 3413; x_wconf 77' lang='grc' dir='ltr'><strong>(ι’</strong></span> <span class='ocrx_word' id='word_1_411' title='bbox 786 3384 807 3415; x_wconf 68' lang='grc' dir='ltr'>ὅ</span> <span class='ocrx_word' id='word_1_412' title='bbox 832 3385 990 3416; x_wconf 73' lang='lat' dir='ltr'><strong>sanctitas</strong></span> <span class='ocrx_word' id='word_1_413' title='bbox 1019 3384 1047 3415; x_wconf 80' lang='lat' dir='ltr'><em>G</em></span> <span class='ocrx_word' id='word_1_414' title='bbox 1200 3383 1240 3416; x_wconf 92' lang='grc'><strong>11</strong></span> <span class='ocrx_word' id='word_1_415' title='bbox 1267 3384 1412 3426; x_wconf 82' lang='lat' dir='ltr'><strong>propitia</strong></span> <span class='ocrx_word' id='word_1_416' title='bbox 1436 3380 1624 3424; x_wconf 75' lang='lat' dir='ltr'><strong>diuinitate]</strong></span> <span class='ocrx_word' id='word_1_417' title='bbox 1652 3382 1860 3424; x_wconf 68' lang='lat' dir='ltr'><strong>Lz&#39;itjoltaim,</strong></span> <span class='ocrx_word' id='word_1_418' title='bbox 1895 3382 1938 3423; x_wconf 59' lang='lat' dir='ltr'><strong>(ff.</strong></span> <span class='ocrx_word' id='word_1_419' title='bbox 1961 3381 2060 3423; x_wconf 64' lang='lat' dir='ltr'><strong>irffra</strong></span> <span class='ocrx_word' id='word_1_420' title='bbox 2085 3379 2140 3420; x_wconf 88' lang='lat' dir='ltr'><strong>II,</strong></span> <span class='ocrx_word' id='word_1_421' title='bbox 2164 3382 2215 3420; x_wconf 84' lang='lat'><strong>63,</strong></span> <span class='ocrx_word' id='word_1_422' title='bbox 2250 3379 2383 3422; x_wconf 87' lang='lat' dir='ltr'><strong>propria</strong></span> 
     </span>
     <span class='ocr_line' id='line_1_45' title="bbox 193 3435 2378 3483; baseline -0.003 -10"><span class='ocrx_word' id='word_1_423' title='bbox 193 3444 368 3475; x_wconf 74' lang='lat' dir='ltr'><strong>diuinitate</strong></span> <span class='ocrx_word' id='word_1_424' title='bbox 397 3442 477 3482; x_wconf 46' lang='lat' dir='ltr'><strong>(Gk</strong></span> <span class='ocrx_word' id='word_1_425' title='bbox 509 3443 644 3474; x_wconf 80' lang='lat' dir='ltr'><strong>ciuitate</strong></span> <span class='ocrx_word' id='word_1_426' title='bbox 674 3440 738 3481; x_wconf 60' lang='grc' dir='ltr'><strong>(ἰῖ)</strong></span> <span class='ocrx_word' id='word_1_427' title='bbox 771 3442 817 3481; x_wconf 70' lang='grc' dir='ltr'>(ι’,</span> <span class='ocrx_word' id='word_1_428' title='bbox 852 3442 981 3483; x_wconf 79' lang='lat' dir='ltr'><strong>propria</strong></span> <span class='ocrx_word' id='word_1_429' title='bbox 1013 3441 1152 3473; x_wconf 79' lang='lat' dir='ltr'><strong>ciuitate</strong></span> <span class='ocrx_word' id='word_1_430' title='bbox 1181 3441 1337 3473; x_wconf 66' lang='lat' dir='ltr'><strong>Canisius</strong></span> <span class='ocrx_word' id='word_1_431' title='bbox 1524 3438 1565 3471; x_wconf 75' lang='lat'><strong>12</strong></span> <span class='ocrx_word' id='word_1_432' title='bbox 1598 3437 1686 3481; x_wconf 86' lang='grc'>(10(11]</span> <span class='ocrx_word' id='word_1_433' title='bbox 1721 3439 1780 3470; x_wconf 77' lang='lat' dir='ltr'><strong>has</strong></span> <span class='ocrx_word' id='word_1_434' title='bbox 1814 3438 2038 3478; x_wconf 70' lang='lat' dir='ltr'><strong>desideratur,</strong></span> <span class='ocrx_word' id='word_1_435' title='bbox 2069 3443 2105 3469; x_wconf 81' lang='lat' dir='ltr'><strong>ut</strong></span> <span class='ocrx_word' id='word_1_436' title='bbox 2129 3437 2225 3479; x_wconf 74' lang='lat' dir='ltr'><strong>infra</strong></span> <span class='ocrx_word' id='word_1_437' title='bbox 2251 3435 2310 3476; x_wconf 84' lang='lat' dir='ltr'><strong>II,</strong></span> <span class='ocrx_word' id='word_1_438' title='bbox 2337 3438 2378 3468; x_wconf 84' lang='lat'><strong>55</strong></span> 
     </span>
     <span class='ocr_line' id='line_1_46' title="bbox 197 3492 2384 3541; baseline -0.003 -11"><span class='ocrx_word' id='word_1_439' title='bbox 197 3500 238 3530; x_wconf 70' lang='lat'><strong>15</strong></span> <span class='ocrx_word' id='word_1_440' title='bbox 269 3497 522 3541; x_wconf 77' lang='lat' dir='ltr'><strong>aliquantisper]</strong></span> <span class='ocrx_word' id='word_1_441' title='bbox 558 3511 578 3530; x_wconf 89' lang='grc'><strong>11</strong></span> <span class='ocrx_word' id='word_1_442' title='bbox 603 3512 628 3530; x_wconf 68' lang='lat' dir='ltr'><strong>s.</strong></span> <span class='ocrx_word' id='word_1_443' title='bbox 655 3499 676 3530; x_wconf 83' lang='lat' dir='ltr'><strong>l.</strong></span> <span class='ocrx_word' id='word_1_444' title='bbox 706 3499 754 3530; x_wconf 62' lang='lat'><strong>&amp;¹</strong></span> <span class='ocrx_word' id='word_1_445' title='bbox 920 3496 960 3529; x_wconf 69' lang='lat'><strong>17</strong></span> <span class='ocrx_word' id='word_1_446' title='bbox 996 3496 1127 3540; x_wconf 82' lang='lat' dir='ltr'><strong>marito]</strong></span> <span class='ocrx_word' id='word_1_447' title='bbox 1163 3499 1293 3540; x_wconf 70' lang='lat' dir='ltr'><strong>scripsi,</strong></span> <span class='ocrx_word' id='word_1_448' title='bbox 1328 3499 1445 3530; x_wconf 82' lang='lat' dir='ltr'><strong>merito</strong></span> <span class='ocrx_word' id='word_1_449' title='bbox 1475 3498 1504 3529; x_wconf 75' lang='lat' dir='ltr'><em>G</em></span> <span class='ocrx_word' id='word_1_450' title='bbox 1668 3494 1709 3527; x_wconf 85' lang='grc'><strong>19</strong></span> <span class='ocrx_word' id='word_1_451' title='bbox 1740 3494 1883 3537; x_wconf 84' lang='lat' dir='ltr'><strong>domnis]</strong></span> <span class='ocrx_word' id='word_1_452' title='bbox 1915 3496 1944 3525; x_wconf 61' lang='grc' dir='ltr'><strong>(τ’</strong></span> <span class='ocrx_word' id='word_1_453' title='bbox 2059 3492 2195 3536; x_wconf 82' lang='lat' dir='ltr'><strong>christo]</strong></span> <span class='ocrx_word' id='word_1_454' title='bbox 2222 3493 2327 3535; x_wconf 72' lang='lat' dir='ltr'><strong>periit</strong></span> <span class='ocrx_word' id='word_1_455' title='bbox 2354 3492 2384 3524; x_wconf 81' lang='lat' dir='ltr'><strong><em>G</em></strong></span> 
     </span>
     <span class='ocr_line' id='line_1_47' title="bbox 195 3549 2382 3594; baseline -0.002 -7"><span class='ocrx_word' id='word_1_456' title='bbox 195 3556 238 3587; x_wconf 69' lang='lat'><strong>*2¹¹</strong></span> <span class='ocrx_word' id='word_1_457' title='bbox 263 3557 414 3588; x_wconf 74' lang='lat' dir='ltr'><strong>namacio</strong></span> <span class='ocrx_word' id='word_1_458' title='bbox 439 3557 467 3587; x_wconf 63' lang='grc' dir='ltr'><strong>(τ’</strong></span> <span class='ocrx_word' id='word_1_459' title='bbox 560 3556 719 3588; x_wconf 81' lang='lat' dir='ltr'><strong>ceruniae</strong></span> <span class='ocrx_word' id='word_1_460' title='bbox 741 3555 769 3586; x_wconf 80' lang='lat' dir='ltr'><em>G</em></span> <span class='ocrx_word' id='word_1_461' title='bbox 908 3554 948 3585; x_wconf 73' lang='lat'><strong>21</strong></span> <span class='ocrx_word' id='word_1_462' title='bbox 980 3555 1077 3586; x_wconf 84' lang='lat' dir='ltr'><strong>nunti</strong></span> <span class='ocrx_word' id='word_1_463' title='bbox 1099 3554 1128 3586; x_wconf 77' lang='lat' dir='ltr'><strong><em>G</em></strong></span> <span class='ocrx_word' id='word_1_464' title='bbox 1267 3553 1311 3586; x_wconf 80' lang='lat'><strong>24</strong></span> <span class='ocrx_word' id='word_1_465' title='bbox 1335 3565 1457 3587; x_wconf 85' lang='lat' dir='ltr'><strong>aceruo</strong></span> <span class='ocrx_word' id='word_1_466' title='bbox 1479 3554 1508 3585; x_wconf 80' lang='lat' dir='ltr'><em>G</em></span> <span class='ocrx_word' id='word_1_467' title='bbox 1602 3550 1649 3594; x_wconf 85' lang='lat' dir='ltr'><strong>et]</strong></span> <span class='ocrx_word' id='word_1_468' title='bbox 1677 3564 1719 3585; x_wconf 87' lang='lat' dir='ltr'><strong>ex</strong></span> <span class='ocrx_word' id='word_1_469' title='bbox 1741 3554 1770 3584; x_wconf 59' lang='grc' dir='ltr'><strong>(π’</strong></span> <span class='ocrx_word' id='word_1_470' title='bbox 1907 3550 1951 3584; x_wconf 76' lang='lat'><strong>25</strong></span> <span class='ocrx_word' id='word_1_471' title='bbox 1975 3549 2180 3594; x_wconf 81' lang='lat' dir='ltr'><strong>disparatus]</strong></span> <span class='ocrx_word' id='word_1_472' title='bbox 2204 3550 2266 3591; x_wconf 54' lang='lat'><strong>64¹,</strong></span> <span class='ocrx_word' id='word_1_473' title='bbox 2290 3561 2382 3592; x_wconf 86' lang='lat' dir='ltr'><strong>sepa-</strong></span> 
     </span>
     <span class='ocr_line' id='line_1_48' title="bbox 195 3606 2383 3655; baseline -0.002 -12"><span class='ocrx_word' id='word_1_474' title='bbox 195 3621 286 3644; x_wconf 76' lang='lat' dir='ltr'><strong>ratus</strong></span> <span class='ocrx_word' id='word_1_475' title='bbox 309 3613 369 3652; x_wconf 56' lang='lat' dir='ltr'><strong>(fl,</strong></span> <span class='ocrx_word' id='word_1_476' title='bbox 395 3614 438 3655; x_wconf 81' lang='lat' dir='ltr'><strong>cf.</strong></span> <span class='ocrx_word' id='word_1_477' title='bbox 464 3614 559 3655; x_wconf 71' lang='lat' dir='ltr'><strong>infra</strong></span> <span class='ocrx_word' id='word_1_478' title='bbox 586 3612 639 3653; x_wconf 87' lang='lat' dir='ltr'><strong>Il,</strong></span> <span class='ocrx_word' id='word_1_479' title='bbox 664 3614 706 3644; x_wconf 81' lang='lat'><strong>36</strong></span> <span class='ocrx_word' id='word_1_480' title='bbox 855 3612 898 3642; x_wconf 63' lang='lat'><strong>28</strong></span> <span class='ocrx_word' id='word_1_481' title='bbox 924 3622 1205 3653; x_wconf 66' lang='lat' dir='ltr'><strong>concor-pommus</strong></span> <span class='ocrx_word' id='word_1_482' title='bbox 1227 3612 1254 3644; x_wconf 80' lang='lat' dir='ltr'><em>G</em></span> <span class='ocrx_word' id='word_1_483' title='bbox 1406 3610 1451 3643; x_wconf 84' lang='lat'><strong>30</strong></span> <span class='ocrx_word' id='word_1_484' title='bbox 1475 3611 1533 3643; x_wconf 86' lang='lat' dir='ltr'><strong>sed</strong></span> <span class='ocrx_word' id='word_1_485' title='bbox 1557 3610 1638 3652; x_wconf 86' lang='lat' dir='ltr'><strong>quid</strong></span> <span class='ocrx_word' id='word_1_486' title='bbox 1664 3627 1707 3632; x_wconf 90' lang='lat'>—</span> <span class='ocrx_word' id='word_1_487' title='bbox 1729 3622 1763 3651; x_wconf 76' lang='lat'><strong>2).</strong></span> <span class='ocrx_word' id='word_1_488' title='bbox 1784 3612 1856 3650; x_wconf 84' lang='lat'><strong>313,</strong></span> <span class='ocrx_word' id='word_1_489' title='bbox 1882 3610 1904 3642; x_wconf 86' lang='lat' dir='ltr'><strong>l.</strong></span> <span class='ocrx_word' id='word_1_490' title='bbox 1928 3612 1948 3642; x_wconf 90' lang='lat'><strong><em>9</em></strong></span> <span class='ocrx_word' id='word_1_491' title='bbox 1971 3606 2197 3651; x_wconf 86' lang='lat' dir='ltr'><strong>assumptum]</strong></span> <span class='ocrx_word' id='word_1_492' title='bbox 2224 3607 2383 3639; x_wconf 74' lang='lat' dir='ltr'><strong>Ruricius</strong></span> 
     </span>
     <span class='ocr_line' id='line_1_49' title="bbox 197 3664 2384 3711; baseline -0.001 -11"><span class='ocrx_word' id='word_1_493' title='bbox 197 3671 291 3711; x_wconf 51' lang='lat' dir='ltr'><strong>‘&#39;nfm</strong></span> <span class='ocrx_word' id='word_1_494' title='bbox 319 3670 370 3709; x_wconf 91' lang='grc' dir='ltr'><strong>ΙΙ,</strong></span> <span class='ocrx_word' id='word_1_495' title='bbox 387 3672 429 3702; x_wconf 78' lang='grc'><strong>39</strong></span> <span class='ocrx_word' id='word_1_496' title='bbox 453 3671 599 3711; x_wconf 62' lang='lat' dir='ltr'><strong>repetivit</strong></span> <span class='ocrx_word' id='word_1_497' title='bbox 749 3668 789 3701; x_wconf 82' lang='lat'><strong>31</strong></span> <span class='ocrx_word' id='word_1_498' title='bbox 816 3667 1049 3709; x_wconf 74' lang='lat' dir='ltr'><strong>mluigilantia]</strong></span> <span class='ocrx_word' id='word_1_499' title='bbox 1077 3669 1302 3701; x_wconf 81' lang='lat' dir='ltr'><strong>sollicitudine</strong></span> <span class='ocrx_word' id='word_1_500' title='bbox 1328 3670 1425 3711; x_wconf 43' lang='lat' dir='ltr'><strong>infra</strong></span> <span class='ocrx_word' id='word_1_501' title='bbox 1453 3669 1505 3708; x_wconf 89' lang='grc' dir='ltr'><strong>ΙΙ,</strong></span> <span class='ocrx_word' id='word_1_502' title='bbox 1523 3670 1568 3700; x_wconf 84' lang='lat'><strong>39</strong></span> <span class='ocrx_word' id='word_1_503' title='bbox 1719 3665 1762 3698; x_wconf 78' lang='lat'><strong>33</strong></span> <span class='ocrx_word' id='word_1_504' title='bbox 1787 3665 1915 3709; x_wconf 83' lang='lat' dir='ltr'><strong>mortis]</strong></span> <span class='ocrx_word' id='word_1_505' title='bbox 1939 3667 2037 3709; x_wconf 74' lang='lat' dir='ltr'><strong>infra</strong></span> <span class='ocrx_word' id='word_1_506' title='bbox 2062 3666 2116 3707; x_wconf 84' lang='lat' dir='ltr'><strong>II,</strong></span> <span class='ocrx_word' id='word_1_507' title='bbox 2132 3668 2183 3706; x_wconf 82' lang='lat'><strong>39,</strong></span> <span class='ocrx_word' id='word_1_508' title='bbox 2207 3665 2334 3697; x_wconf 83' lang='lat' dir='ltr'><strong>meritis</strong></span> <span class='ocrx_word' id='word_1_509' title='bbox 2355 3664 2384 3696; x_wconf 79' lang='lat' dir='ltr'><strong><em>G</em></strong></span> 
     </span>
     <span class='ocr_line' id='line_1_50' title="bbox 195 3723 1892 3769; baseline -0.002 -12"><span class='ocrx_word' id='word_1_510' title='bbox 195 3726 239 3758; x_wconf 35' lang='lat'><strong>:⁷34</strong></span> <span class='ocrx_word' id='word_1_511' title='bbox 265 3728 404 3768; x_wconf 77' lang='lat' dir='ltr'><strong>ideoque</strong></span> <span class='ocrx_word' id='word_1_512' title='bbox 432 3728 527 3767; x_wconf 57' lang='lat' dir='ltr'><strong>infra</strong></span> <span class='ocrx_word' id='word_1_513' title='bbox 555 3727 607 3766; x_wconf 87' lang='grc' dir='ltr'><strong>ΙΙ,</strong></span> <span class='ocrx_word' id='word_1_514' title='bbox 632 3730 673 3759; x_wconf 74' lang='grc'><strong>39</strong></span> <span class='ocrx_word' id='word_1_515' title='bbox 810 3725 854 3758; x_wconf 71' lang='lat'><strong>35</strong></span> <span class='ocrx_word' id='word_1_516' title='bbox 880 3723 988 3767; x_wconf 86' lang='grc'>11111111]</span> <span class='ocrx_word' id='word_1_517' title='bbox 1017 3726 1116 3757; x_wconf 79' lang='lat' dir='ltr'><strong>deum</strong></span> <span class='ocrx_word' id='word_1_518' title='bbox 1142 3726 1238 3769; x_wconf 63' lang='lat' dir='ltr'><strong>infra</strong></span> <span class='ocrx_word' id='word_1_519' title='bbox 1263 3726 1318 3767; x_wconf 88' lang='grc' dir='ltr'><strong>ΙΙ,</strong></span> <span class='ocrx_word' id='word_1_520' title='bbox 1342 3728 1384 3759; x_wconf 77' lang='lat'><strong>39</strong></span> <span class='ocrx_word' id='word_1_521' title='bbox 1476 3723 1557 3768; x_wconf 83' lang='lat' dir='ltr'><strong>toto]</strong></span> <span class='ocrx_word' id='word_1_522' title='bbox 1584 3723 1666 3757; x_wconf 58' lang='lat' dir='ltr'><strong>eamn</strong></span> <span class='ocrx_word' id='word_1_523' title='bbox 1693 3736 1712 3755; x_wconf 90' lang='lat' dir='ltr'><strong>o</strong></span> <span class='ocrx_word' id='word_1_524' title='bbox 1737 3736 1762 3755; x_wconf 75' lang='lat' dir='ltr'><strong>s.</strong></span> <span class='ocrx_word' id='word_1_525' title='bbox 1789 3724 1810 3755; x_wconf 75' lang='lat' dir='ltr'><strong>l.</strong></span> <span class='ocrx_word' id='word_1_526' title='bbox 1840 3723 1892 3755; x_wconf 68' lang='lat'><strong>(1¹¹</strong></span> 
     </span>
    </p>
   </div>
   <div class='ocr_carea' id='block_1_14' title="bbox 2410 1089 2442 1112">
    <p class='ocr_par' dir='ltr' id='par_1_14' title="bbox 2410 1089 2442 1112">
     <span class='ocr_line' id='line_1_51' title="bbox 2410 1089 2442 1112; baseline 0 0"><span class='ocrx_word' id='word_1_527' title='bbox 2410 1089 2442 1112; x_wconf 82' lang='lat'><strong>1⁰</strong></span> 
     </span>
    </p>
   </div>
   <div class='ocr_carea' id='block_1_15' title="bbox 2413 1432 2444 1455">
    <p class='ocr_par' dir='ltr' id='par_1_15' title="bbox 2413 1432 2444 1455">
     <span class='ocr_line' id='line_1_52' title="bbox 2413 1432 2444 1455; baseline 0 0"><span class='ocrx_word' id='word_1_528' title='bbox 2413 1432 2444 1455; x_wconf 83' lang='lat'><strong>15</strong></span> 
     </span>
    </p>
   </div>
   <div class='ocr_carea' id='block_1_16' title="bbox 2415 1947 2448 1972">
    <p class='ocr_par' dir='ltr' id='par_1_16' title="bbox 2415 1947 2448 1972">
     <span class='ocr_line' id='line_1_53' title="bbox 2415 1947 2448 1972; baseline -0.03 0"><span class='ocrx_word' id='word_1_529' title='bbox 2415 1947 2448 1972; x_wconf 76' lang='lat'><strong>20</strong></span> 
     </span>
    </p>
   </div>
   <div class='ocr_carea' id='block_1_17' title="bbox 2416 2319 2448 2344">
    <p class='ocr_par' dir='ltr' id='par_1_17' title="bbox 2416 2319 2448 2344">
     <span class='ocr_line' id='line_1_54' title="bbox 2416 2319 2448 2344; baseline 0 0"><span class='ocrx_word' id='word_1_530' title='bbox 2416 2319 2448 2344; x_wconf 84' lang='lat'><strong>25</strong></span> 
     </span>
    </p>
   </div>
   <div class='ocr_carea' id='block_1_18' title="bbox 2416 2666 2449 2689">
    <p class='ocr_par' dir='ltr' id='par_1_18' title="bbox 2416 2666 2449 2689">
     <span class='ocr_line' id='line_1_55' title="bbox 2416 2666 2449 2689; baseline 0 0"><span class='ocrx_word' id='word_1_531' title='bbox 2416 2666 2449 2689; x_wconf 89' lang='lat'><strong>30</strong></span> 
     </span>
    </p>
   </div>
   <div class='ocr_carea' id='block_1_19' title="bbox 2419 3009 2450 3034">
    <p class='ocr_par' dir='ltr' id='par_1_19' title="bbox 2419 3009 2450 3034">
     <span class='ocr_line' id='line_1_56' title="bbox 2419 3009 2450 3034; baseline -0.032 0"><span class='ocrx_word' id='word_1_532' title='bbox 2419 3009 2450 3034; x_wconf 86' lang='lat'><strong>35</strong></span> 
     </span>
    </p>
   </div>
   <div class='ocr_carea' id='block_1_20' title="bbox 2571 1998 2583 2134">
    <p class='ocr_par' dir='ltr' id='par_1_20' title="bbox 2571 1998 2583 2134">
     <span class='ocr_line' id='line_1_57' title="bbox 2571 1998 2583 2134; textangle 90"><span class='ocrx_word' id='word_1_533' title='bbox 2572 2103 2583 2134; x_wconf 51' lang='grc' dir='ltr'><strong>-.ἡ</strong></span> <span class='ocrx_word' id='word_1_534' title='bbox 2571 1998 2583 2092; x_wconf 40' lang='lat' dir='ltr'><strong>Sta—aa.</strong></span> 
     </span>
    </p>
   </div>
   <div class='ocr_carea' id='block_1_21' title="bbox 2571 2144 2583 2455">
    <p class='ocr_par' dir='ltr' id='par_1_21' title="bbox 2571 2144 2583 2455">
     <span class='ocr_line' id='line_1_58' title="bbox 2571 2144 2583 2455; textangle 90"><span class='ocrx_word' id='word_1_535' title='bbox 2574 2429 2583 2455; x_wconf 74' lang='lat'><strong>--</strong></span> <span class='ocrx_word' id='word_1_536' title='bbox 2571 2296 2583 2419; x_wconf 49' lang='lat'><strong>⁴41⁶*—</strong></span> <span class='ocrx_word' id='word_1_537' title='bbox 2572 2184 2583 2287; x_wconf 59' lang='lat' dir='ltr'><strong>m-.-‘-a</strong></span> <span class='ocrx_word' id='word_1_538' title='bbox 2577 2144 2583 2171; x_wconf 79' lang='grc'><strong>..-</strong></span> 
     </span>
    </p>
   </div>
   <div class='ocr_carea' id='block_1_22' title="bbox 2572 2458 2583 2500">
    <p class='ocr_par' dir='ltr' id='par_1_22' title="bbox 2572 2458 2583 2500">
     <span class='ocr_line' id='line_1_59' title="bbox 2572 2458 2583 2500; textangle 90"><span class='ocrx_word' id='word_1_539' title='bbox 2572 2458 2583 2500; x_wconf 45' lang='lat' dir='ltr'><strong>s,-</strong></span> 
     </span>
    </p>
   </div>
   <div class='ocr_carea' id='block_1_23' title="bbox 2564 2944 2583 3107">
    <p class='ocr_par' dir='ltr' id='par_1_23' title="bbox 2564 2944 2583 3107">
     <span class='ocr_line' id='line_1_60' title="bbox 2564 2944 2583 3107; textangle 90"><span class='ocrx_word' id='word_1_540' title='bbox 2564 3091 2583 3107; x_wconf 58' lang='grc' dir='ltr'>Λ</span> <span class='ocrx_word' id='word_1_541' title='bbox 2564 2995 2583 3069; x_wconf 57' lang='grc' dir='ltr'><strong>ἱΗ]</strong></span> <span class='ocrx_word' id='word_1_542' title='bbox 2575 2944 2581 2960; x_wconf 58' lang='lat' dir='ltr'>v</span> 
     </span>
    </p>
   </div>
  </div>
 </body>
</html>
