2583 4011
93 2389 125 2413 10

95 2736 126 2760 15

700 1128 1256 1225 INCIPIT
1329 1128 1814 1224 DOMNI

438 1314 996 1413 RURICH
1067 1311 2085 1411 EPISTULARUM

756 1489 1092 1580 LIBER
1143 1498 1766 1578 SECUNDUS,

1247 1876 1279 1917 I.

285 1992 516 2034 DOMNIS
556 1991 920 2034 SI'BLIMIBL'S
960 1992 1036 2033 ET
1076 1992 1138 2033 IN
1178 1991 1436 2033 CIIRISTO
1474 1990 1710 2032 DOMINO
1751 1989 2241 2030 DEVlNchssmls

522 2061 865 2103 FRATRIBUS
898 2061 1174 2103 NAMATIO
1208 2060 1284 2102 ET
1318 2059 1668 2102 CERAUNIAE
1703 2058 2004 2101 RURICIUS.

305 2151 506 2219 ΑΝΤιρϊι
555 2172 779 2227 sapientes
827 2172 987 2213 amicos
1033 2171 1140 2212 duos
1182 2184 1312 2212 unam
1358 2170 1547 2210 animam
1592 2168 1755 2210 habere
1803 2167 2028 2211 dixerunt,
2077 2167 2189 2222 quod
2240 2165 2364 2207 valde

159 2254 310 2282 verum
350 2254 447 2281 esse
495 2255 575 2296 ego
625 2241 833 2297 praedico
880 2241 1124 2297 proboque3
1173 2254 1272 2281 nam
1318 2244 1551 2295 postquam
1591 2252 1616 2279 a
1653 2242 1799 2279 vestra
1839 2238 2126 2292 germanitate
2168 2236 2364 2282 discessi,

163 2309 349 2351 divisum
380 2324 474 2351 csse
505 2324 573 2352 me
606 2311 746 2353 sentio
779 2315 1035 2367 partemque
1067 2324 1210 2352 meam
1243 2309 1463 2350 vobiscum
1498 2307 1712 2349 resedisse
1746 2321 1962 2362 cognosco
1996 2321 2075 2348 nec
2114 2306 2366 2347 absentibus

163 2379 286 2421 vobis
319 2380 491 2435 integer
524 2394 622 2422 esse
655 2394 724 2421 me
758 2380 921 2422 videor.
984 2384 1027 2422 et
1058 2393 1156 2421 eum
1187 2393 1256 2420 me
1290 2379 1333 2419 in
1366 2392 1434 2420 me
1469 2392 1554 2419 non
1587 2377 1817 2427 inveniam,
1850 2376 1965 2432 apud
1998 2391 2074 2417 vos
2109 2390 2175 2417 me
2208 2375 2262 2416 ad
2293 2389 2367 2415 vos

162 2463 364 2491 reversus
411 2450 581 2505 inquiro
629 2454 759 2505 atque
807 2449 971 2492 ibidem
1013 2453 1221 2505 quantum
1262 2463 1331 2490 me
1373 2448 1494 2489 vobis
1539 2446 1770 2501 reliquisse
1819 2451 1984 2487 tantum
2025 2445 2159 2487 vestri
2200 2458 2367 2486 mecum

164 2518 400 2560 abstulisse
443 2520 670 2576 conspicio.
733 2524 777 2561 et
813 2520 895 2572 ita,
936 2519 1191 2575 priusquam
1231 2518 1327 2567 fiat,
1374 2516 1594 2558 adnuente
1627 2515 1823 2567 domino,
1863 2516 2092 2571 pignorum
2125 2519 2368 2555 nostrorum

163 2587 308 2628 votiva
348 2587 614 2640 coniunctio,
659 2588 900 2630 animorum
933 2588 1047 2629 inter
1088 2601 1166 2628 nos
1208 2586 1324 2628 facta
1366 2586 1451 2627 iam
1490 2584 1656 2626 divisio.
1719 2599 1829 2640 quae
1871 2584 2023 2625 divisio
2067 2583 2370 2640 amplectenda

163 2657 302 2712 magis
328 2661 395 2699 est
417 2656 700 2712 diligentibus
728 2672 857 2713 quam
880 2657 1072 2709 vitanda,
1103 2670 1183 2712 per
1217 2670 1344 2710 quam
1377 2655 1424 2696 fit
1455 2655 1499 2696 in
1533 2654 1732 2696 cordibus
1766 2668 1915 2696 eorum
1949 2654 2139 2696 caritatis
2173 2654 2368 2709 integrae

165 2727 334 2767 sincera
374 2726 631 2780 transfusio,
676 2727 798 2768 cuius
840 2740 920 2782 ego
954 2725 1138 2767 vinculis
1180 2724 1433 2779 colligatum
1467 2738 1492 2765 a
1524 2723 1645 2765 vobis
1687 2738 1783 2765 esse
1817 2738 1885 2765 me
1916 2724 2085 2779 gaudeo
2118 2722 2182 2779 (et
2213 2723 2371 2765 talibus

166 2796 331 2837 catenis
364 2796 536 2837 vinctus
569 2795 762 2851 exsulto)
804 2796 1104 2851 obstringique
1143 2809 1213 2837 me
1257 2808 1407 2836 eorum
1449 2794 1636 2835 nexibus
1676 2794 1816 2849 magis
1860 2795 1986 2850 cupio
2030 2808 2158 2849 quam
2197 2793 2369 2836 resolvh

166 2865 322 2922 quibus
357 2869 401 2907 et
431 2879 508 2907 vos
542 2866 796 2907 constrictos
836 2880 932 2908 esse
974 2865 1156 2907 confido.
1217 2863 1498 2906 redeuntibus
1540 2864 1686 2919 itaque
1724 2864 1879 2905 vestris
1921 2863 2039 2905 salve
2082 2863 2369 2918 largissimum

167 2935 264 2977 dico
299 2939 341 2978 et
373 2949 429 2977 ex
463 2935 664 2977 omnibus
697 2936 861 2990 gratias
894 2948 1030 2990 agens
1061 2933 1314 2987 derelinquo
1348 2946 1458 2988 quae
1493 2931 1546 2974 ad
1585 2933 1864 2988 praeconium
1904 2938 2097 2974 vestrum
2139 2932 2369 2988 pertinent.

166 3004 326 3046 idcirco
358 3019 427 3046 me
461 3004 632 3046 siluisse
665 3004 876 3059 significo,
909 3004 1008 3059 quia
1040 3003 1083 3044 in
1115 3002 1299 3058 propriis
1323 3001 1538 3053 laudibus,
1574 3002 1685 3042 sicut
1707 3001 1877 3053 dicitur,
1911 3007 1977 3044 est
2001 3002 2151 3043 odiosa
2173 3001 2369 3043 iactatio:

166 3078 311 3116 vestra
355 3073 471 3115 enim
511 3075 606 3115 laus
651 3087 747 3115 mea
788 3074 906 3114 facta
947 3077 1014 3114 est
1053 3078 1096 3114 et
1136 3071 1252 3122 idem
1300 3075 1347 3112 ut
1390 3070 1500 3121 dixi,
1546 3071 1598 3112 de
1641 3071 1998 3126 magnanimitate
2040 3075 2185 3113 vestra
2225 3075 2371 3112 tacere

166 3144 322 3185 melius
355 3143 473 3192 duxi,
508 3144 608 3199 quia
639 3143 843 3199 quicquid
874 3142 927 3184 de
960 3142 1083 3184 vobis
1116 3141 1279 3192 dixero,
1312 3140 1416 3181 mihi
1447 3140 1596 3182 videor
1628 3141 1880 3183 contulisse.

307 3328 322 3361 1
358 3330 529 3362 INCIPIT
554 3348 598 3352 -
622 3328 644 3362 3
669 3326 917 3371 SECUNDUS]
948 3317 1088 3360 INCII—’I
1118 3327 1254 3359 LIBER
1281 3327 1314 3358 11
1343 3326 1372 3358 G
1540 3326 1562 3359 ἶ)
1594 3327 1767 3359 DOMNIS
1792 3327 2002 3358 sUssLnsss
2031 3327 2060 3358 G
2177 3323 2220 3367 et]
2253 3336 2314 3356 om.
2345 3325 2375 3356 G

169 3387 190 3420 6
215 3388 368 3421 namacio
399 3388 428 3420 G
576 3386 596 3420 7
621 3388 753 3430 antiqui
779 3406 822 3409 —
848 3386 892 3418 12
916 3386 1087 3428 conspicio
1113 3383 1158 3427 et]
1185 3384 1348 3416 Ruricius
1372 3395 1412 3416 ecc
1436 3384 1581 3426 epistula
1607 3383 1662 3425 II,
1686 3386 1730 3416 10
1753 3383 1968 3426 exscripsisse
1991 3383 2122 3415 videtur
2215 3383 2304 3424 quod
2332 3400 2372 3403 —

169 3446 191 3477 8
223 3446 379 3489 praedico
412 3443 598 3488 proboque]
630 3446 729 3489 infra
754 3444 814 3486 ΙΙ,
838 3448 880 3476 10
896 3444 1034 3487 sits-ius:
1070 3443 1161 3485 quod
1194 3439 1270 3484 [ego
1303 3442 1403 3474 etiam
1437 3441 1664 3474 ecclesiastico
1689 3440 1894 3484 testimonio]
1928 3453 2049 3474 uerum
2081 3452 2154 3473 esse
2188 3438 2372 3482 [consu-mo,

171 3515 238 3546 quo
269 3504 331 3536 ait:
376 3504 632 3536 credentium
663 3507 800 3536 autem
831 3506 920 3535 erat
950 3501 1092 3533 anima
1128 3504 1169 3532 et
1199 3510 1267 3531 cor
1301 3510 1438 3531 unum.
1495 3510 1603 3531 unum
1634 3499 1753 3541 utique
1782 3499 1920 3531 caritate
1959 3510 2026 3530 non
2057 3508 2197 3529 numero
2234 3502 2267 3529 et
2295 3497 2373 3528 fidei

169 3562 383 3604 simplicitate
414 3572 482 3593 non
512 3560 750 3604 singularitate
775 3570 949 3603 personae.
997 3555 1077 3599 hoc]
1104 3568 1184 3599 ergo
1210 3556 1366 3598 praedico
1391 3556 1583 3598 proboque:
1617 3567 1703 3598 quae
1727 3556 1860 3588 uncinis
1883 3555 2007 3587 inclusi
2029 3555 2060 3587 Ιι.
2086 3555 2107 3587 l.
2134 3554 2373 3587 desiderantur

171 3618 192 3652 9
215 3619 418 3652 absensibus
439 3619 503 3660 G1,
534 3630 622 3651 corr.
646 3618 696 3651 G¹
845 3617 888 3651 10
918 3618 1091 3659 integrum
1114 3614 1213 3657 iwzfra
1237 3612 1293 3654 ΙΙ,
1318 3615 1361 3645 10
1462 3611 1592 3656 uideor]
1620 3613 1718 3646 credo
1743 3613 1840 3655 infra
1866 3612 1920 3653 II,
1945 3615 1986 3645 10
2134 3611 2174 3643 11
2200 3609 2373 3653 reuersus]

169 3688 186 3709 r
210 3682 288 3709 ante
311 3688 330 3709 e
354 3688 379 3709 s.
407 3677 429 3708 l.
452 3676 517 3717 G1,
541 3687 717 3719 regressus
741 3676 839 3719 infra
864 3675 920 3716 ΙΙ,
945 3678 986 3708 10
1080 3671 1192 3716 uobis]
1219 3684 1259 3705 ea:
1283 3673 1429 3715 epistula
1455 3673 1510 3715 II,
1535 3677 1576 3707 10
1599 3673 1739 3714 restitui,
1763 3673 1861 3706 iubes
1890 3672 1919 3705 G
2061 3670 2102 3704 13
2127 3682 2213 3714 quae
2237 3668 2371 3713 diuisio]

170 3735 256 3768 coni.
276 3734 444 3777 Canis-lus,
468 3746 554 3778 quae
580 3735 696 3768 diuino
725 3736 755 3768 G
895 3732 937 3767 17
963 3734 1166 3767 constrictus
1196 3732 1225 3765 (τ’

2415 2516 2438 2553 tea

2441 1982 2482 2027 (τ’
