<?xml version="1.0" encoding="UTF-8"?>
<!DOCTYPE html PUBLIC "-//W3C//DTD XHTML 1.0 Transitional//EN"
    "http://www.w3.org/TR/xhtml1/DTD/xhtml1-transitional.dtd">
<html xmlns="http://www.w3.org/1999/xhtml" xml:lang="en" lang="en">
 <head>
  <title>
</title>
<meta http-equiv="Content-Type" content="text/html;charset=utf-8" />
  <meta name='ocr-system' content='tesseract 3.04.00' />
  <meta name='ocr-capabilities' content='ocr_page ocr_carea ocr_par ocr_line ocrx_word'/>
</head>
<body>
  <div class='ocr_page' id='page_1' title='image "./monumentager08geseuoft_0153.png"; bbox 0 0 2583 4011; ppageno 0'>
   <div class='ocr_carea' id='block_1_1' title="bbox 133 958 167 983">
    <p class='ocr_par' dir='ltr' id='par_1_1' title="bbox 133 958 167 983">
     <span class='ocr_line' id='line_1_1' title="bbox 133 958 167 983; baseline -0.029 0"><span class='ocrx_word' id='word_1_1' title='bbox 133 958 167 983; x_wconf 86' lang='lat'><strong>10</strong></span> 
     </span>
    </p>
   </div>
   <div class='ocr_carea' id='block_1_2' title="bbox 1002 205 2403 252">
    <p class='ocr_par' dir='ltr' id='par_1_2' title="bbox 1002 205 2403 252">
     <span class='ocr_line' id='line_1_2' title="bbox 1002 205 2403 252; baseline 0.009 -13"><span class='ocrx_word' id='word_1_2' title='bbox 1002 205 1141 239; x_wconf 69' lang='lat' dir='ltr'>LLBER</span> <span class='ocrx_word' id='word_1_3' title='bbox 1173 205 1232 241; x_wconf 72' lang='lat' dir='ltr'><strong>lv.</strong></span> <span class='ocrx_word' id='word_1_4' title='bbox 1262 208 1377 249; x_wconf 62' lang='lat' dir='ltr'><strong>ios-„²</strong></span> <span class='ocrx_word' id='word_1_5' title='bbox 1403 228 1438 231; x_wconf 72' lang='grc'>-</span> <span class='ocrx_word' id='word_1_6' title='bbox 1472 210 1508 241; x_wconf 89' lang='lat'><strong>11</strong></span> <span class='ocrx_word' id='word_1_7' title='bbox 1533 210 1600 252; x_wconf 61' lang='lat' dir='ltr'><strong>gii.</strong></span> <span class='ocrx_word' id='word_1_8' title='bbox 2350 214 2403 252; x_wconf 76' lang='lat'><strong>63</strong></span> 
     </span>
    </p>
   </div>
   <div class='ocr_carea' id='block_1_3' title="bbox 200 321 2486 1116">
    <p class='ocr_par' dir='ltr' id='par_1_3' title="bbox 200 321 2486 1116">
     <span class='ocr_line' id='line_1_3' title="bbox 207 321 2484 376; baseline 0 -11"><span class='ocrx_word' id='word_1_9' title='bbox 207 344 282 365; x_wconf 55' lang='lat' dir='ltr'><strong>ss*</strong></span> <span class='ocrx_word' id='word_1_10' title='bbox 301 321 556 376; x_wconf 86' lang='lat' dir='ltr'><strong>episcopum</strong></span> <span class='ocrx_word' id='word_1_11' title='bbox 578 321 754 362; x_wconf 89' lang='lat' dir='ltr'><strong>fratrem</strong></span> <span class='ocrx_word' id='word_1_12' title='bbox 779 321 984 362; x_wconf 84' lang='lat' dir='ltr'><strong>maiorem</strong></span> <span class='ocrx_word' id='word_1_13' title='bbox 1008 327 1111 362; x_wconf 89' lang='lat' dir='ltr'><strong>natu</strong></span> <span class='ocrx_word' id='word_1_14' title='bbox 1135 321 1500 362; x_wconf 83' lang='lat' dir='ltr'><strong>affectuosissime</strong></span> <span class='ocrx_word' id='word_1_15' title='bbox 1528 322 1777 362; x_wconf 74' lang='lat' dir='ltr'><strong>observans.</strong></span> <span class='ocrx_word' id='word_1_16' title='bbox 1811 337 1937 376; x_wconf 87' lang='lat' dir='ltr'><strong>quem</strong></span> <span class='ocrx_word' id='word_1_17' title='bbox 1964 324 2173 375; x_wconf 84' lang='lat' dir='ltr'><strong>diligebat</strong></span> <span class='ocrx_word' id='word_1_18' title='bbox 2196 332 2242 366; x_wconf 90' lang='lat' dir='ltr'><strong>ut</strong></span> <span class='ocrx_word' id='word_1_19' title='bbox 2266 326 2414 366; x_wconf 82' lang='lat' dir='ltr'><strong>tilium.</strong></span> <span class='ocrx_word' id='word_1_20' title='bbox 2460 328 2484 365; x_wconf 81' lang='lat'>5</span> 
     </span>
     <span class='ocr_line' id='line_1_4' title="bbox 200 389 2410 445; baseline 0.002 -15"><span class='ocrx_word' id='word_1_21' title='bbox 200 403 296 431; x_wconf 88' lang='lat' dir='ltr'><strong>cum</strong></span> <span class='ocrx_word' id='word_1_22' title='bbox 328 393 548 445; x_wconf 83' lang='lat' dir='ltr'>tamquam</span> <span class='ocrx_word' id='word_1_23' title='bbox 579 394 747 445; x_wconf 88' lang='lat' dir='ltr'><strong>patrem</strong></span> <span class='ocrx_word' id='word_1_24' title='bbox 782 396 1079 431; x_wconf 80' lang='lat' dir='ltr'><strong>veneraretur.</strong></span> <span class='ocrx_word' id='word_1_25' title='bbox 1149 389 1224 431; x_wconf 89' lang='lat' dir='ltr'><strong>sed</strong></span> <span class='ocrx_word' id='word_1_26' title='bbox 1259 395 1300 430; x_wconf 86' lang='lat' dir='ltr'><strong>et</strong></span> <span class='ocrx_word' id='word_1_27' title='bbox 1334 390 1406 430; x_wconf 91' lang='lat' dir='ltr'><strong>ille</strong></span> <span class='ocrx_word' id='word_1_28' title='bbox 1440 390 1708 445; x_wconf 73' lang='lat' dir='ltr'><strong>suspiciebat</strong></span> <span class='ocrx_word' id='word_1_29' title='bbox 1743 391 1854 431; x_wconf 82' lang='lat' dir='ltr'><strong>huuc</strong></span> <span class='ocrx_word' id='word_1_30' title='bbox 1888 392 2128 443; x_wconf 76' lang='lat' dir='ltr'><strong>granditer.</strong></span> <span class='ocrx_word' id='word_1_31' title='bbox 2168 394 2335 435; x_wconf 78' lang='lat' dir='ltr'><strong>liabens</strong></span> <span class='ocrx_word' id='word_1_32' title='bbox 2370 395 2410 435; x_wconf 87' lang='lat' dir='ltr'><strong>iu</strong></span> 
     </span>
     <span class='ocr_line' id='line_1_5' title="bbox 200 458 2414 516; baseline 0.002 -17"><span class='ocrx_word' id='word_1_33' title='bbox 200 473 251 500; x_wconf 90' lang='lat' dir='ltr'><strong>eo</strong></span> <span class='ocrx_word' id='word_1_34' title='bbox 286 458 582 499; x_wconf 84' lang='lat' dir='ltr'><strong>consiliarium</strong></span> <span class='ocrx_word' id='word_1_35' title='bbox 615 459 662 499; x_wconf 89' lang='lat' dir='ltr'><strong>in&#39;</strong></span> <span class='ocrx_word' id='word_1_36' title='bbox 690 459 862 501; x_wconf 89' lang='lat' dir='ltr'><strong>iudiciis</strong></span> <span class='ocrx_word' id='word_1_37' title='bbox 895 461 1102 502; x_wconf 84' lang='lat' dir='ltr'><strong>vicarium</strong></span> <span class='ocrx_word' id='word_1_38' title='bbox 1149 461 1191 502; x_wconf 89' lang='lat' dir='ltr'><strong>in</strong></span> <span class='ocrx_word' id='word_1_39' title='bbox 1225 460 1443 502; x_wconf 86' lang='lat' dir='ltr'><strong>ecclesiis.</strong></span> <span class='ocrx_word' id='word_1_40' title='bbox 1487 467 1809 515; x_wconf 83' lang='lat' dir='ltr'><strong>procuratorem</strong></span> <span class='ocrx_word' id='word_1_41' title='bbox 1854 462 1894 501; x_wconf 91' lang='lat' dir='ltr'><strong>iu</strong></span> <span class='ocrx_word' id='word_1_42' title='bbox 1935 463 2121 516; x_wconf 82' lang='lat' dir='ltr'><strong>negotiis</strong></span> <span class='ocrx_word' id='word_1_43' title='bbox 2163 464 2329 504; x_wconf 75' lang='lat' dir='ltr'><strong>vilicum</strong></span> <span class='ocrx_word' id='word_1_44' title='bbox 2374 464 2414 504; x_wconf 90' lang='lat' dir='ltr'><strong>in</strong></span> 
     </span>
     <span class='ocr_line' id='line_1_6' title="bbox 200 528 2413 586; baseline 0.002 -18"><span class='ocrx_word' id='word_1_45' title='bbox 200 528 415 584; x_wconf 85' lang='lat' dir='ltr'><strong>praediis,</strong></span> <span class='ocrx_word' id='word_1_46' title='bbox 447 528 709 570; x_wconf 81' lang='lat' dir='ltr'>tabularium</span> <span class='ocrx_word' id='word_1_47' title='bbox 742 530 784 570; x_wconf 94' lang='lat' dir='ltr'><strong>in</strong></span> <span class='ocrx_word' id='word_1_48' title='bbox 817 530 990 572; x_wconf 87' lang='lat' dir='ltr'><strong>tributis</strong></span> <span class='ocrx_word' id='word_1_49' title='bbox 1025 531 1066 572; x_wconf 93' lang='lat' dir='ltr'><strong>in</strong></span> <span class='ocrx_word' id='word_1_50' title='bbox 1102 529 1369 572; x_wconf 83' lang='lat' dir='ltr'><strong>lectionibus</strong></span> <span class='ocrx_word' id='word_1_51' title='bbox 1403 529 1623 570; x_wconf 83' lang='lat' dir='ltr'><strong>comitem.</strong></span> <span class='ocrx_word' id='word_1_52' title='bbox 1667 529 1707 569; x_wconf 90' lang='lat' dir='ltr'><strong>in</strong></span> <span class='ocrx_word' id='word_1_53' title='bbox 1751 530 2096 584; x_wconf 70' lang='lat' dir='ltr'><strong>expositionibus</strong></span> <span class='ocrx_word' id='word_1_54' title='bbox 2137 532 2413 586; x_wconf 75' lang='lat' dir='ltr'><strong>interpretem</strong></span> 
     </span>
     <span class='ocr_line' id='line_1_7' title="bbox 201 597 2416 655; baseline 0.001 -17"><span class='ocrx_word' id='word_1_55' title='bbox 201 597 244 638; x_wconf 93' lang='lat' dir='ltr'><strong>in</strong></span> <span class='ocrx_word' id='word_1_56' title='bbox 287 597 518 638; x_wconf 84' lang='lat' dir='ltr'><strong>itineribus</strong></span> <span class='ocrx_word' id='word_1_57' title='bbox 568 597 942 641; x_wconf 83' lang='lat' dir='ltr'><strong>contubernalem.</strong></span> <span class='ocrx_word' id='word_1_58' title='bbox 1021 600 1080 640; x_wconf 86' lang='lat' dir='ltr'><strong>sie</strong></span> <span class='ocrx_word' id='word_1_59' title='bbox 1124 599 1296 654; x_wconf 89' lang='lat' dir='ltr'><strong>utrique</strong></span> <span class='ocrx_word' id='word_1_60' title='bbox 1345 597 1399 638; x_wconf 88' lang='lat' dir='ltr'><strong>ab</strong></span> <span class='ocrx_word' id='word_1_61' title='bbox 1447 598 1656 638; x_wconf 78' lang='lat' dir='ltr'><strong>alterutro</strong></span> <span class='ocrx_word' id='word_1_62' title='bbox 1698 611 1836 652; x_wconf 86' lang='lat' dir='ltr'><strong>usque</strong></span> <span class='ocrx_word' id='word_1_63' title='bbox 1886 597 1938 638; x_wconf 84' lang='lat' dir='ltr'><strong>ad</strong></span> <span class='ocrx_word' id='word_1_64' title='bbox 1982 598 2183 639; x_wconf 75' lang='lat' dir='ltr'><strong>invidiam</strong></span> <span class='ocrx_word' id='word_1_65' title='bbox 2228 601 2416 655; x_wconf 81' lang='lat' dir='ltr'><strong>exempli</strong></span> 
     </span>
     <span class='ocr_line' id='line_1_8' title="bbox 200 665 2486 722; baseline -0.001 -14"><span class='ocrx_word' id='word_1_66' title='bbox 200 670 351 708; x_wconf 85' lang='lat' dir='ltr'><strong>mutua</strong></span> <span class='ocrx_word' id='word_1_67' title='bbox 384 665 469 708; x_wconf 89' lang='lat' dir='ltr'><strong>fide</strong></span> <span class='ocrx_word' id='word_1_68' title='bbox 503 667 806 722; x_wconf 83' lang='lat' dir='ltr'><strong>germanitatis</strong></span> <span class='ocrx_word' id='word_1_69' title='bbox 841 668 983 710; x_wconf 88' lang='lat' dir='ltr'><strong>officia</strong></span> <span class='ocrx_word' id='word_1_70' title='bbox 1018 668 1378 711; x_wconf 80' lang='lat' dir='ltr'><strong>restituebantur.</strong></span> <span class='ocrx_word' id='word_1_71' title='bbox 1453 667 1529 709; x_wconf 90' lang='lat' dir='ltr'><strong>sed</strong></span> <span class='ocrx_word' id='word_1_72' title='bbox 1562 666 1661 721; x_wconf 86' lang='lat' dir='ltr'><strong>quid</strong></span> <span class='ocrx_word' id='word_1_73' title='bbox 1705 665 1896 708; x_wconf 81' lang='lat' dir='ltr'><strong>dolorem</strong></span> <span class='ocrx_word' id='word_1_74' title='bbox 1929 674 2121 708; x_wconf 89' lang='lat' dir='ltr'><strong>nostrum</strong></span> <span class='ocrx_word' id='word_1_75' title='bbox 2155 667 2415 710; x_wconf 85' lang='lat' dir='ltr'><strong>moderaturi</strong></span> <span class='ocrx_word' id='word_1_76' title='bbox 2462 674 2486 706; x_wconf 72' lang='lat'><strong>‹⁴›</strong></span> 
     </span>
     <span class='ocr_line' id='line_1_9' title="bbox 201 735 2418 792; baseline 0 -15"><span class='ocrx_word' id='word_1_77' title='bbox 201 735 346 777; x_wconf 88' lang='lat' dir='ltr'><strong>causis</strong></span> <span class='ocrx_word' id='word_1_78' title='bbox 379 736 522 790; x_wconf 89' lang='lat' dir='ltr'><strong>potius</strong></span> <span class='ocrx_word' id='word_1_79' title='bbox 554 735 716 777; x_wconf 91' lang='lat' dir='ltr'><strong>doloris</strong></span> <span class='ocrx_word' id='word_1_80' title='bbox 749 736 941 779; x_wconf 88' lang='lat' dir='ltr'><strong>fomenta</strong></span> <span class='ocrx_word' id='word_1_81' title='bbox 975 738 1241 780; x_wconf 70' lang='lat' dir='ltr'><strong>sufficimus?</strong></span> <span class='ocrx_word' id='word_1_82' title='bbox 1293 752 1422 792; x_wconf 87' lang='lat' dir='ltr'><strong>ergo.</strong></span> <span class='ocrx_word' id='word_1_83' title='bbox 1462 744 1508 777; x_wconf 93' lang='lat' dir='ltr'><strong>ut</strong></span> <span class='ocrx_word' id='word_1_84' title='bbox 1541 736 1687 777; x_wconf 85' lang='lat' dir='ltr'><strong>dicere</strong></span> <span class='ocrx_word' id='word_1_85' title='bbox 1723 736 2070 778; x_wconf 65' lang='lat' dir='ltr'><strong>institueramus.</strong></span> <span class='ocrx_word' id='word_1_86' title='bbox 2103 736 2201 777; x_wconf 88' lang='lat' dir='ltr'><strong>huic</strong></span> <span class='ocrx_word' id='word_1_87' title='bbox 2237 737 2339 777; x_wconf 85' lang='lat' dir='ltr'><strong>iam.</strong></span> <span class='ocrx_word' id='word_1_88' title='bbox 2373 745 2418 778; x_wconf 92' lang='lat' dir='ltr'><strong>ut</strong></span> 
     </span>
     <span class='ocr_line' id='line_1_10' title="bbox 202 803 2418 862; baseline -0.001 -16"><span class='ocrx_word' id='word_1_89' title='bbox 202 809 269 846; x_wconf 87' lang='lat' dir='ltr'><strong>est</strong></span> <span class='ocrx_word' id='word_1_90' title='bbox 300 803 407 845; x_wconf 89' lang='lat' dir='ltr'><strong>illud</strong></span> <span class='ocrx_word' id='word_1_91' title='bbox 440 803 757 858; x_wconf 74' lang='lat' dir='ltr'><strong>Maronianum.</strong></span> <span class='ocrx_word' id='word_1_92' title='bbox 792 807 963 848; x_wconf 87' lang='lat' dir='ltr'><strong>cineri</strong></span> <span class='ocrx_word' id='word_1_93' title='bbox 996 808 1207 862; x_wconf 86' lang='lat' dir='ltr'><strong>ingrato</strong></span> <span class='ocrx_word' id='word_1_94' title='bbox 1241 807 1283 848; x_wconf 89' lang='lat' dir='ltr'><strong>id</strong></span> <span class='ocrx_word' id='word_1_95' title='bbox 1317 812 1381 848; x_wconf 81' lang='lat' dir='ltr'><strong>est</strong></span> <span class='ocrx_word' id='word_1_96' title='bbox 1414 807 1598 861; x_wconf 75' lang='lat' dir='ltr'><strong>gratiam</strong></span> <span class='ocrx_word' id='word_1_97' title='bbox 1629 821 1714 847; x_wconf 88' lang='lat' dir='ltr'><strong>non</strong></span> <span class='ocrx_word' id='word_1_98' title='bbox 1739 806 1929 847; x_wconf 80' lang='lat' dir='ltr'><strong>relaturo</strong></span> <span class='ocrx_word' id='word_1_99' title='bbox 1954 806 2126 846; x_wconf 79' lang='lat' dir='ltr'><strong>nenium</strong></span> <span class='ocrx_word' id='word_1_100' title='bbox 2151 805 2418 847; x_wconf 71' lang='lat' dir='ltr'><strong>condidimus</strong></span> 
     </span>
     <span class='ocr_line' id='line_1_11' title="bbox 203 873 2418 932; baseline 0 -17"><span class='ocrx_word' id='word_1_101' title='bbox 203 874 372 915; x_wconf 86' lang='lat' dir='ltr'><strong>tristem</strong></span> <span class='ocrx_word' id='word_1_102' title='bbox 405 873 737 930; x_wconf 85' lang='lat' dir='ltr'><strong>luctuosamque</strong></span> <span class='ocrx_word' id='word_1_103' title='bbox 770 877 1082 932; x_wconf 89' lang='lat' dir='ltr'><strong>propemodum</strong></span> <span class='ocrx_word' id='word_1_104' title='bbox 1121 877 1360 918; x_wconf 80' lang='lat' dir='ltr'><strong>laboriose.</strong></span> <span class='ocrx_word' id='word_1_105' title='bbox 1404 876 1503 931; x_wconf 89' lang='lat' dir='ltr'><strong>quia</strong></span> <span class='ocrx_word' id='word_1_106' title='bbox 1538 876 1701 917; x_wconf 84' lang='lat' dir='ltr'><strong>faceret</strong></span> <span class='ocrx_word' id='word_1_107' title='bbox 1735 874 1925 916; x_wconf 89' lang='lat' dir='ltr'><strong>dictandi</strong></span> <span class='ocrx_word' id='word_1_108' title='bbox 1960 873 2201 915; x_wconf 73' lang='lat' dir='ltr'><strong>desuetudo</strong></span> <span class='ocrx_word' id='word_1_109' title='bbox 2235 873 2418 915; x_wconf 75' lang='lat' dir='ltr'><strong>difficul-</strong></span> 
     </span>
     <span class='ocr_line' id='line_1_12' title="bbox 203 942 2421 999; baseline -0.001 -13"><span class='ocrx_word' id='word_1_110' title='bbox 203 948 361 996; x_wconf 73' lang='lat' dir='ltr'><strong>tatem,</strong></span> <span class='ocrx_word' id='word_1_111' title='bbox 403 943 486 985; x_wconf 91' lang='lat' dir='ltr'><strong>nisi</strong></span> <span class='ocrx_word' id='word_1_112' title='bbox 527 944 640 999; x_wconf 91' lang='lat' dir='ltr'><strong>quod</strong></span> <span class='ocrx_word' id='word_1_113' title='bbox 681 947 872 988; x_wconf 83' lang='lat' dir='ltr'><strong>animum</strong></span> <span class='ocrx_word' id='word_1_114' title='bbox 905 952 1060 988; x_wconf 86' lang='lat' dir='ltr'><strong>natura</strong></span> <span class='ocrx_word' id='word_1_115' title='bbox 1099 947 1489 989; x_wconf 87' lang='lat' dir='ltr'><strong>desidiosissimum</strong></span> <span class='ocrx_word' id='word_1_116' title='bbox 1523 945 1644 986; x_wconf 90' lang='lat' dir='ltr'><strong>dolor</strong></span> <span class='ocrx_word' id='word_1_117' title='bbox 1676 945 1781 986; x_wconf 87' lang='lat' dir='ltr'><strong>fletu</strong></span> <span class='ocrx_word' id='word_1_118' title='bbox 1813 943 2019 997; x_wconf 67' lang='lat' dir='ltr'><strong>gravidus</strong></span> <span class='ocrx_word' id='word_1_119' title='bbox 2053 942 2265 984; x_wconf 84' lang='lat' dir='ltr'><strong>accendit.</strong></span> <span class='ocrx_word' id='word_1_120' title='bbox 2329 944 2421 984; x_wconf 80' lang='lat' dir='ltr'><strong>eius</strong></span> 
     </span>
     <span class='ocr_line' id='line_1_13' title="bbox 202 1014 610 1056; baseline -0.002 0"><span class='ocrx_word' id='word_1_121' title='bbox 202 1014 285 1056; x_wconf 89' lang='lat' dir='ltr'><strong>hoe</strong></span> <span class='ocrx_word' id='word_1_122' title='bbox 316 1027 492 1055; x_wconf 88' lang='lat' dir='ltr'><strong>carmen</strong></span> <span class='ocrx_word' id='word_1_123' title='bbox 525 1018 610 1055; x_wconf 87' lang='lat' dir='ltr'><strong>est:</strong></span> 
     </span>
     <span class='ocr_line' id='line_1_14' title="bbox 799 1072 1653 1116; baseline -0.004 -1"><span class='ocrx_word' id='word_1_124' title='bbox 799 1073 1007 1115; x_wconf 86' lang='lat' dir='ltr'><strong>Germani</strong></span> <span class='ocrx_word' id='word_1_125' title='bbox 1040 1073 1174 1116; x_wconf 87' lang='lat' dir='ltr'><strong>decus</strong></span> <span class='ocrx_word' id='word_1_126' title='bbox 1208 1078 1250 1115; x_wconf 87' lang='lat' dir='ltr'><strong>et</strong></span> <span class='ocrx_word' id='word_1_127' title='bbox 1283 1072 1406 1114; x_wconf 86' lang='lat' dir='ltr'><strong>dolor</strong></span> <span class='ocrx_word' id='word_1_128' title='bbox 1439 1072 1653 1114; x_wconf 79' lang='lat' dir='ltr'><strong>Mamerti.</strong></span> 
     </span>
    </p>
   </div>
   <div class='ocr_carea' id='block_1_4' title="bbox 730 1142 1802 2801">
    <p class='ocr_par' dir='ltr' id='par_1_4' title="bbox 795 1142 1754 1338">
     <span class='ocr_line' id='line_1_15' title="bbox 795 1142 1730 1199; baseline -0.003 -14"><span class='ocrx_word' id='word_1_129' title='bbox 795 1144 1028 1185; x_wconf 88' lang='lat' dir='ltr'><strong>mirantum</strong></span> <span class='ocrx_word' id='word_1_130' title='bbox 1061 1145 1189 1184; x_wconf 86' lang='lat' dir='ltr'><strong>unica</strong></span> <span class='ocrx_word' id='word_1_131' title='bbox 1220 1156 1378 1199; x_wconf 87' lang='lat' dir='ltr'><strong>pompa</strong></span> <span class='ocrx_word' id='word_1_132' title='bbox 1413 1142 1730 1198; x_wconf 87' lang='lat' dir='ltr'><strong>episcoporum.</strong></span> 
     </span>
     <span class='ocr_line' id='line_1_16' title="bbox 797 1211 1754 1269; baseline -0.003 -15"><span class='ocrx_word' id='word_1_133' title='bbox 797 1213 877 1255; x_wconf 89' lang='lat' dir='ltr'><strong>hoc</strong></span> <span class='ocrx_word' id='word_1_134' title='bbox 910 1213 984 1255; x_wconf 89' lang='lat' dir='ltr'><strong>dat</strong></span> <span class='ocrx_word' id='word_1_135' title='bbox 1017 1214 1211 1269; x_wconf 86' lang='lat' dir='ltr'><strong>caespite</strong></span> <span class='ocrx_word' id='word_1_136' title='bbox 1245 1212 1439 1254; x_wconf 87' lang='lat' dir='ltr'><strong>membra</strong></span> <span class='ocrx_word' id='word_1_137' title='bbox 1474 1211 1754 1253; x_wconf 88' lang='lat' dir='ltr'><strong>Claudianus.</strong></span> 
     </span>
     <span class='ocr_line' id='line_1_17' title="bbox 796 1281 1645 1338; baseline -0.004 -15"><span class='ocrx_word' id='word_1_138' title='bbox 796 1282 960 1338; x_wconf 80' lang='lat' dir='ltr'><strong>triplex</strong></span> <span class='ocrx_word' id='word_1_139' title='bbox 992 1282 1273 1338; x_wconf 65' lang='lat' dir='ltr'><strong>bybliotheca</strong></span> <span class='ocrx_word' id='word_1_140' title='bbox 1307 1296 1390 1337; x_wconf 90' lang='lat' dir='ltr'><strong>quo</strong></span> <span class='ocrx_word' id='word_1_141' title='bbox 1422 1281 1645 1336; x_wconf 86' lang='lat' dir='ltr'><strong>magistro.</strong></span> 
     </span>
    </p>

    <p class='ocr_par' dir='ltr' id='par_1_5' title="bbox 747 1350 1790 1686">
     <span class='ocr_line' id='line_1_18' title="bbox 747 1350 1679 1403; baseline -0.004 -9"><span class='ocrx_word' id='word_1_142' title='bbox 747 1367 760 1387; x_wconf 71' lang='lat'><strong>⁵</strong></span> <span class='ocrx_word' id='word_1_143' title='bbox 798 1351 1012 1394; x_wconf 85' lang='lat' dir='ltr'><strong>Romana.</strong></span> <span class='ocrx_word' id='word_1_144' title='bbox 1046 1352 1209 1403; x_wconf 72' lang='lat' dir='ltr'><strong>Attica,</strong></span> <span class='ocrx_word' id='word_1_145' title='bbox 1243 1351 1507 1393; x_wconf 81' lang='lat' dir='ltr'><strong>Christiana.</strong></span> <span class='ocrx_word' id='word_1_146' title='bbox 1539 1350 1679 1391; x_wconf 82' lang='lat' dir='ltr'><strong>fulsit:</strong></span> 
     </span>
     <span class='ocr_line' id='line_1_19' title="bbox 797 1420 1790 1477; baseline -0.005 -15"><span class='ocrx_word' id='word_1_147' title='bbox 797 1435 927 1477; x_wconf 90' lang='lat' dir='ltr'><strong>quam</strong></span> <span class='ocrx_word' id='word_1_148' title='bbox 960 1426 1097 1464; x_wconf 86' lang='lat' dir='ltr'><strong>totam</strong></span> <span class='ocrx_word' id='word_1_149' title='bbox 1127 1421 1369 1463; x_wconf 87' lang='lat' dir='ltr'><strong>monachus</strong></span> <span class='ocrx_word' id='word_1_150' title='bbox 1403 1420 1570 1461; x_wconf 78' lang='lat' dir='ltr'><strong>virente</strong></span> <span class='ocrx_word' id='word_1_151' title='bbox 1605 1420 1647 1460; x_wconf 91' lang='lat' dir='ltr'><strong>in</strong></span> <span class='ocrx_word' id='word_1_152' title='bbox 1679 1433 1790 1460; x_wconf 71' lang='lat' dir='ltr'><strong>aevo</strong></span> 
     </span>
     <span class='ocr_line' id='line_1_20' title="bbox 799 1491 1431 1533; baseline -0.005 0"><span class='ocrx_word' id='word_1_153' title='bbox 799 1496 971 1533; x_wconf 87' lang='lat' dir='ltr'><strong>secreta.</strong></span> <span class='ocrx_word' id='word_1_154' title='bbox 1002 1491 1111 1533; x_wconf 90' lang='lat' dir='ltr'><strong>bibit</strong></span> <span class='ocrx_word' id='word_1_155' title='bbox 1141 1491 1431 1533; x_wconf 87' lang='lat' dir='ltr'><strong>institutione.</strong></span> 
     </span>
     <span class='ocr_line' id='line_1_21' title="bbox 799 1561 1438 1616; baseline -0.003 -14"><span class='ocrx_word' id='word_1_156' title='bbox 799 1565 957 1614; x_wconf 68' lang='lat' dir='ltr'><strong>orator,</strong></span> <span class='ocrx_word' id='word_1_157' title='bbox 991 1561 1262 1605; x_wconf 83' lang='lat' dir='ltr'><strong>dialecticus.</strong></span> <span class='ocrx_word' id='word_1_158' title='bbox 1294 1570 1438 1616; x_wconf 88' lang='lat' dir='ltr'><strong>poeta.</strong></span> 
     </span>
     <span class='ocr_line' id='line_1_22' title="bbox 798 1630 1616 1686; baseline -0.005 -14"><span class='ocrx_word' id='word_1_159' title='bbox 798 1635 1019 1673; x_wconf 82' lang='lat' dir='ltr'><strong>tractator.</strong></span> <span class='ocrx_word' id='word_1_160' title='bbox 1052 1635 1293 1686; x_wconf 86' lang='lat' dir='ltr'><strong>geometra.</strong></span> <span class='ocrx_word' id='word_1_161' title='bbox 1326 1630 1616 1683; x_wconf 85' lang='lat' dir='ltr'><strong>musicusque.</strong></span> 
     </span>
    </p>

    <p class='ocr_par' dir='ltr' id='par_1_6' title="bbox 730 1699 1802 2034">
     <span class='ocr_line' id='line_1_23' title="bbox 730 1699 1672 1754; baseline -0.004 -12"><span class='ocrx_word' id='word_1_162' title='bbox 730 1715 761 1738; x_wconf 76' lang='grc' dir='ltr'><strong>ιο</strong></span> <span class='ocrx_word' id='word_1_163' title='bbox 798 1700 949 1742; x_wconf 88' lang='lat' dir='ltr'><strong>doctus</strong></span> <span class='ocrx_word' id='word_1_164' title='bbox 984 1702 1156 1743; x_wconf 76' lang='lat' dir='ltr'><strong>solvere</strong></span> <span class='ocrx_word' id='word_1_165' title='bbox 1189 1700 1334 1741; x_wconf 76' lang='lat' dir='ltr'><strong>vincla</strong></span> <span class='ocrx_word' id='word_1_166' title='bbox 1366 1699 1672 1754; x_wconf 84' lang='lat' dir='ltr'><strong>quaestionum</strong></span> 
     </span>
     <span class='ocr_line' id='line_1_24' title="bbox 801 1770 1554 1825; baseline -0.005 -14"><span class='ocrx_word' id='word_1_167' title='bbox 801 1781 844 1811; x_wconf 90' lang='lat' dir='ltr'><strong>et</strong></span> <span class='ocrx_word' id='word_1_168' title='bbox 876 1770 999 1811; x_wconf 69' lang='lat' dir='ltr'><strong>verbi</strong></span> <span class='ocrx_word' id='word_1_169' title='bbox 1031 1770 1177 1825; x_wconf 90' lang='lat' dir='ltr'><strong>gladio</strong></span> <span class='ocrx_word' id='word_1_170' title='bbox 1212 1784 1361 1810; x_wconf 88' lang='lat' dir='ltr'><strong>secare</strong></span> <span class='ocrx_word' id='word_1_171' title='bbox 1397 1773 1554 1810; x_wconf 71' lang='lat' dir='ltr'><strong>sectas</strong></span> 
     </span>
     <span class='ocr_line' id='line_1_25' title="bbox 803 1837 1707 1895; baseline -0.004 -16"><span class='ocrx_word' id='word_1_172' title='bbox 803 1840 838 1880; x_wconf 87' lang='lat' dir='ltr'><strong>si</strong></span> <span class='ocrx_word' id='word_1_173' title='bbox 871 1853 983 1895; x_wconf 86' lang='lat' dir='ltr'><strong>quae</strong></span> <span class='ocrx_word' id='word_1_174' title='bbox 1017 1840 1277 1880; x_wconf 82' lang='lat' dir='ltr'><strong>catholicam</strong></span> <span class='ocrx_word' id='word_1_175' title='bbox 1311 1837 1441 1879; x_wconf 89' lang='lat' dir='ltr'><strong>fidem</strong></span> <span class='ocrx_word' id='word_1_176' title='bbox 1473 1838 1707 1877; x_wconf 87' lang='lat' dir='ltr'><strong>lacessunt.</strong></span> 
     </span>
     <span class='ocr_line' id='line_1_26' title="bbox 801 1906 1802 1966; baseline -0.006 -15"><span class='ocrx_word' id='word_1_177' title='bbox 801 1910 1068 1966; x_wconf 89' lang='lat' dir='ltr'><strong>psalmorum</strong></span> <span class='ocrx_word' id='word_1_178' title='bbox 1100 1909 1169 1951; x_wconf 91' lang='lat' dir='ltr'><strong>hic</strong></span> <span class='ocrx_word' id='word_1_179' title='bbox 1201 1908 1446 1950; x_wconf 88' lang='lat' dir='ltr'><strong>modulator</strong></span> <span class='ocrx_word' id='word_1_180' title='bbox 1478 1912 1522 1948; x_wconf 87' lang='lat' dir='ltr'><strong>et</strong></span> <span class='ocrx_word' id='word_1_181' title='bbox 1554 1906 1802 1962; x_wconf 87' lang='lat' dir='ltr'><strong>phonascus</strong></span> 
     </span>
     <span class='ocr_line' id='line_1_27' title="bbox 801 1978 1537 2034; baseline -0.004 -13"><span class='ocrx_word' id='word_1_182' title='bbox 801 1984 903 2021; x_wconf 87' lang='lat' dir='ltr'><strong>ante</strong></span> <span class='ocrx_word' id='word_1_183' title='bbox 936 1980 1093 2022; x_wconf 84' lang='lat' dir='ltr'><strong>altaria</strong></span> <span class='ocrx_word' id='word_1_184' title='bbox 1122 1980 1257 2021; x_wconf 86' lang='lat' dir='ltr'><strong>fratre</strong></span> <span class='ocrx_word' id='word_1_185' title='bbox 1289 1978 1537 2034; x_wconf 84' lang='lat' dir='ltr'><strong>gratulante</strong></span> 
     </span>
    </p>

    <p class='ocr_par' dir='ltr' id='par_1_7' title="bbox 735 2047 1740 2383">
     <span class='ocr_line' id='line_1_28' title="bbox 735 2047 1625 2091; baseline 0 -4"><span class='ocrx_word' id='word_1_186' title='bbox 735 2064 765 2087; x_wconf 78' lang='lat'><strong>15</strong></span> <span class='ocrx_word' id='word_1_187' title='bbox 809 2049 1046 2091; x_wconf 87' lang='lat' dir='ltr'><strong>instructas</strong></span> <span class='ocrx_word' id='word_1_188' title='bbox 1078 2049 1224 2091; x_wconf 90' lang='lat' dir='ltr'><strong>docuit</strong></span> <span class='ocrx_word' id='word_1_189' title='bbox 1257 2063 1414 2090; x_wconf 87' lang='lat' dir='ltr'><strong>sonare</strong></span> <span class='ocrx_word' id='word_1_190' title='bbox 1447 2047 1625 2088; x_wconf 88' lang='lat' dir='ltr'><strong>classes.</strong></span> 
     </span>
     <span class='ocr_line' id='line_1_29' title="bbox 802 2117 1580 2173; baseline -0.005 -13"><span class='ocrx_word' id='word_1_191' title='bbox 802 2119 870 2160; x_wconf 88' lang='lat' dir='ltr'><strong>hic</strong></span> <span class='ocrx_word' id='word_1_192' title='bbox 905 2119 1190 2162; x_wconf 88' lang='lat' dir='ltr'><strong>sollemnibus</strong></span> <span class='ocrx_word' id='word_1_193' title='bbox 1223 2118 1376 2160; x_wconf 83' lang='lat' dir='ltr'><strong>annuis</strong></span> <span class='ocrx_word' id='word_1_194' title='bbox 1409 2117 1580 2173; x_wconf 69' lang='lat' dir='ltr'><strong>paravit</strong></span> 
     </span>
     <span class='ocr_line' id='line_1_30' title="bbox 805 2188 1740 2246; baseline -0.005 -15"><span class='ocrx_word' id='word_1_195' title='bbox 805 2204 917 2245; x_wconf 87' lang='lat' dir='ltr'><strong>quae</strong></span> <span class='ocrx_word' id='word_1_196' title='bbox 951 2205 1035 2246; x_wconf 91' lang='lat' dir='ltr'><strong>quo</strong></span> <span class='ocrx_word' id='word_1_197' title='bbox 1068 2194 1265 2246; x_wconf 89' lang='lat' dir='ltr'><strong>tempore</strong></span> <span class='ocrx_word' id='word_1_198' title='bbox 1298 2189 1411 2230; x_wconf 89' lang='lat' dir='ltr'><strong>lecta</strong></span> <span class='ocrx_word' id='word_1_199' title='bbox 1445 2188 1740 2228; x_wconf 80' lang='lat' dir='ltr'><strong>convenirent.</strong></span> 
     </span>
     <span class='ocr_line' id='line_1_31' title="bbox 805 2256 1597 2302; baseline -0.003 -1"><span class='ocrx_word' id='word_1_200' title='bbox 805 2260 987 2302; x_wconf 83' lang='lat' dir='ltr'><strong>antistes</strong></span> <span class='ocrx_word' id='word_1_201' title='bbox 1018 2260 1100 2301; x_wconf 88' lang='lat' dir='ltr'><strong>fuit</strong></span> <span class='ocrx_word' id='word_1_202' title='bbox 1132 2259 1281 2301; x_wconf 88' lang='lat' dir='ltr'><strong>ordine</strong></span> <span class='ocrx_word' id='word_1_203' title='bbox 1315 2259 1357 2300; x_wconf 91' lang='lat' dir='ltr'><strong>in</strong></span> <span class='ocrx_word' id='word_1_204' title='bbox 1392 2256 1597 2300; x_wconf 80' lang='lat' dir='ltr'><strong>secundo.</strong></span> 
     </span>
     <span class='ocr_line' id='line_1_32' title="bbox 808 2326 1606 2383; baseline -0.001 -14"><span class='ocrx_word' id='word_1_205' title='bbox 808 2329 987 2371; x_wconf 85' lang='lat' dir='ltr'><strong>fratrem</strong></span> <span class='ocrx_word' id='word_1_206' title='bbox 1019 2330 1137 2371; x_wconf 87' lang='lat' dir='ltr'><strong>fasce</strong></span> <span class='ocrx_word' id='word_1_207' title='bbox 1171 2330 1323 2371; x_wconf 75' lang='lat' dir='ltr'><strong>levans</strong></span> <span class='ocrx_word' id='word_1_208' title='bbox 1356 2326 1606 2383; x_wconf 82' lang='lat' dir='ltr'><strong>episcopali.</strong></span> 
     </span>
    </p>

    <p class='ocr_par' dir='ltr' id='par_1_8' title="bbox 739 2395 1687 2733">
     <span class='ocr_line' id='line_1_33' title="bbox 739 2395 1618 2455; baseline -0.005 -15"><span class='ocrx_word' id='word_1_209' title='bbox 739 2412 773 2437; x_wconf 70' lang='lat'><strong>20</strong></span> <span class='ocrx_word' id='word_1_210' title='bbox 812 2413 913 2439; x_wconf 88' lang='lat' dir='ltr'><strong>nam</strong></span> <span class='ocrx_word' id='word_1_211' title='bbox 946 2398 999 2440; x_wconf 89' lang='lat' dir='ltr'><strong>de</strong></span> <span class='ocrx_word' id='word_1_212' title='bbox 1031 2399 1245 2455; x_wconf 89' lang='lat' dir='ltr'><strong>pontificis</strong></span> <span class='ocrx_word' id='word_1_213' title='bbox 1278 2402 1427 2439; x_wconf 89' lang='lat' dir='ltr'><strong>tenore</strong></span> <span class='ocrx_word' id='word_1_214' title='bbox 1463 2395 1618 2437; x_wconf 86' lang='lat' dir='ltr'><strong>summi</strong></span> 
     </span>
     <span class='ocr_line' id='line_1_34' title="bbox 807 2465 1676 2524; baseline -0.005 -16"><span class='ocrx_word' id='word_1_215' title='bbox 807 2467 880 2510; x_wconf 91' lang='lat' dir='ltr'><strong>ille</strong></span> <span class='ocrx_word' id='word_1_216' title='bbox 913 2468 1102 2524; x_wconf 88' lang='lat' dir='ltr'><strong>insignia</strong></span> <span class='ocrx_word' id='word_1_217' title='bbox 1137 2467 1335 2524; x_wconf 85' lang='lat' dir='ltr'><strong>sumpsit.</strong></span> <span class='ocrx_word' id='word_1_218' title='bbox 1368 2465 1436 2507; x_wconf 90' lang='lat' dir='ltr'><strong>hic</strong></span> <span class='ocrx_word' id='word_1_219' title='bbox 1467 2465 1676 2506; x_wconf 88' lang='lat' dir='ltr'><strong>laborem.</strong></span> 
     </span>
     <span class='ocr_line' id='line_1_35' title="bbox 805 2534 1687 2593; baseline -0.006 -15"><span class='ocrx_word' id='word_1_220' title='bbox 805 2542 851 2578; x_wconf 86' lang='lat' dir='ltr'><strong>at</strong></span> <span class='ocrx_word' id='word_1_221' title='bbox 882 2541 942 2581; x_wconf 72' lang='lat' dir='ltr'><strong>tn.</strong></span> <span class='ocrx_word' id='word_1_222' title='bbox 975 2538 1159 2593; x_wconf 89' lang='lat' dir='ltr'><strong>quisque</strong></span> <span class='ocrx_word' id='word_1_223' title='bbox 1191 2536 1331 2587; x_wconf 73' lang='lat' dir='ltr'><strong>doles,</strong></span> <span class='ocrx_word' id='word_1_224' title='bbox 1365 2535 1504 2576; x_wconf 86' lang='lat' dir='ltr'><strong>amice</strong></span> <span class='ocrx_word' id='word_1_225' title='bbox 1538 2534 1687 2574; x_wconf 80' lang='lat' dir='ltr'><strong>lector.</strong></span> 
     </span>
     <span class='ocr_line' id='line_1_36' title="bbox 804 2604 1623 2663; baseline -0.002 -15"><span class='ocrx_word' id='word_1_226' title='bbox 804 2606 858 2648; x_wconf 90' lang='lat' dir='ltr'><strong>de</strong></span> <span class='ocrx_word' id='word_1_227' title='bbox 891 2610 1012 2648; x_wconf 83' lang='lat' dir='ltr'><strong>tanto</strong></span> <span class='ocrx_word' id='word_1_228' title='bbox 1046 2607 1172 2663; x_wconf 88' lang='lat' dir='ltr'><strong>quasi</strong></span> <span class='ocrx_word' id='word_1_229' title='bbox 1203 2606 1265 2647; x_wconf 89' lang='lat' dir='ltr'><strong>nil</strong></span> <span class='ocrx_word' id='word_1_230' title='bbox 1296 2606 1386 2646; x_wconf 86' lang='lat' dir='ltr'><strong>viro</strong></span> <span class='ocrx_word' id='word_1_231' title='bbox 1421 2604 1623 2659; x_wconf 85' lang='lat' dir='ltr'><strong>supersit.</strong></span> 
     </span>
     <span class='ocr_line' id='line_1_37' title="bbox 807 2675 1644 2733; baseline -0.006 -16"><span class='ocrx_word' id='word_1_232' title='bbox 807 2675 905 2717; x_wconf 87' lang='lat' dir='ltr'><strong>udis</strong></span> <span class='ocrx_word' id='word_1_233' title='bbox 938 2691 1069 2733; x_wconf 86' lang='lat' dir='ltr'><strong>parce</strong></span> <span class='ocrx_word' id='word_1_234' title='bbox 1103 2677 1228 2732; x_wconf 90' lang='lat' dir='ltr'><strong>genis</strong></span> <span class='ocrx_word' id='word_1_235' title='bbox 1261 2676 1403 2731; x_wconf 86' lang='lat' dir='ltr'><strong>rigare</strong></span> <span class='ocrx_word' id='word_1_236' title='bbox 1435 2687 1644 2715; x_wconf 84' lang='lat' dir='ltr'><strong>marmor:</strong></span> 
     </span>
    </p>

    <p class='ocr_par' dir='ltr' id='par_1_9' title="bbox 737 2741 1706 2801">
     <span class='ocr_line' id='line_1_38' title="bbox 737 2741 1706 2801; baseline -0.007 -14"><span class='ocrx_word' id='word_1_237' title='bbox 737 2758 768 2782; x_wconf 81' lang='lat'><strong>25</strong></span> <span class='ocrx_word' id='word_1_238' title='bbox 806 2759 929 2786; x_wconf 90' lang='lat' dir='ltr'><strong>mens</strong></span> <span class='ocrx_word' id='word_1_239' title='bbox 962 2750 1005 2787; x_wconf 88' lang='lat' dir='ltr'><strong>et</strong></span> <span class='ocrx_word' id='word_1_240' title='bbox 1036 2746 1176 2801; x_wconf 86' lang='lat' dir='ltr'><strong>gloria.</strong></span> <span class='ocrx_word' id='word_1_241' title='bbox 1208 2759 1293 2786; x_wconf 90' lang='lat' dir='ltr'><strong>non</strong></span> <span class='ocrx_word' id='word_1_242' title='bbox 1327 2748 1492 2799; x_wconf 88' lang='lat' dir='ltr'><strong>queunt</strong></span> <span class='ocrx_word' id='word_1_243' title='bbox 1524 2741 1706 2782; x_wconf 86' lang='lat' dir='ltr'><strong>humari.</strong></span> 
     </span>
    </p>
   </div>
   <div class='ocr_carea' id='block_1_5' title="bbox 355 2917 853 2965">
    <p class='ocr_par' dir='ltr' id='par_1_10' title="bbox 355 2917 853 2965">
     <span class='ocr_line' id='line_1_39' title="bbox 355 2917 853 2965; baseline -0.008 -11"><span class='ocrx_word' id='word_1_244' title='bbox 355 2920 377 2954; x_wconf 81' lang='lat'>8</span> <span class='ocrx_word' id='word_1_245' title='bbox 403 2919 542 2965; x_wconf 86' lang='lat' dir='ltr'><strong>Vergil.</strong></span> <span class='ocrx_word' id='word_1_246' title='bbox 569 2920 658 2953; x_wconf 80' lang='lat' dir='ltr'><strong>Aen.</strong></span> <span class='ocrx_word' id='word_1_247' title='bbox 686 2917 748 2957; x_wconf 79' lang='lat' dir='ltr'><strong>VI.</strong></span> <span class='ocrx_word' id='word_1_248' title='bbox 774 2917 853 2951; x_wconf 77' lang='lat'><strong>213.</strong></span> 
     </span>
    </p>
   </div>
   <div class='ocr_carea' id='block_1_6' title="bbox 220 3015 2445 3718">
    <p class='ocr_par' dir='ltr' id='par_1_11' title="bbox 220 3015 2445 3718">
     <span class='ocr_line' id='line_1_40' title="bbox 362 3015 2444 3074; baseline -0.009 -10"><span class='ocrx_word' id='word_1_249' title='bbox 362 3031 375 3064; x_wconf 87' lang='grc'><strong>1</strong></span> <span class='ocrx_word' id='word_1_250' title='bbox 406 3032 540 3064; x_wconf 74' lang='lat' dir='ltr'><strong>initi-um</strong></span> <span class='ocrx_word' id='word_1_251' title='bbox 564 3029 746 3063; x_wconf 75' lang='lat' dir='ltr'><strong>sententiae</strong></span> <span class='ocrx_word' id='word_1_252' title='bbox 764 3028 877 3061; x_wconf 75' lang='lat' dir='ltr'><strong>deesse</strong></span> <span class='ocrx_word' id='word_1_253' title='bbox 893 3027 975 3059; x_wconf 75' lang='lat' dir='ltr'><strong>vidit</strong></span> <span class='ocrx_word' id='word_1_254' title='bbox 992 3026 1070 3074; x_wconf 23' lang='lat' dir='ltr'><strong>Leo*</strong></span> <span class='ocrx_word' id='word_1_255' title='bbox 1180 3024 1202 3057; x_wconf 75' lang='lat' dir='ltr'><strong>v:2</strong></span> <span class='ocrx_word' id='word_1_256' title='bbox 1218 3032 1380 3067; x_wconf 85' lang='lat' dir='ltr'><strong>tanquam</strong></span> <span class='ocrx_word' id='word_1_257' title='bbox 1400 3020 1523 3055; x_wconf 76' lang='lat' dir='ltr'><strong>LMF</strong></span> <span class='ocrx_word' id='word_1_258' title='bbox 1592 3028 1623 3054; x_wconf 81' lang='lat' dir='ltr'><strong>et</strong></span> <span class='ocrx_word' id='word_1_259' title='bbox 1644 3033 1707 3053; x_wconf 81' lang='lat' dir='ltr'><strong>vm.</strong></span> <span class='ocrx_word' id='word_1_260' title='bbox 1730 3018 1759 3052; x_wconf 81' lang='lat' dir='ltr'><strong>C&#39;</strong></span> <span class='ocrx_word' id='word_1_261' title='bbox 1828 3021 2032 3063; x_wconf 78' lang='lat' dir='ltr'><strong>suspiciebat</strong></span> <span class='ocrx_word' id='word_1_262' title='bbox 2059 3027 2144 3052; x_wconf 76' lang='lat' dir='ltr'><strong>(rar.</strong></span> <span class='ocrx_word' id='word_1_263' title='bbox 2163 3019 2245 3050; x_wconf 79' lang='lat' dir='ltr'><strong>lect..</strong></span> <span class='ocrx_word' id='word_1_264' title='bbox 2270 3027 2369 3058; x_wconf 76' lang='lat' dir='ltr'><strong>quam</strong></span> <span class='ocrx_word' id='word_1_265' title='bbox 2396 3015 2444 3046; x_wconf 76' lang='lat' dir='ltr'><strong>acl</strong></span> 
     </span>
     <span class='ocr_line' id='line_1_41' title="bbox 220 3073 2442 3160; baseline -0.009 -14"><span class='ocrx_word' id='word_1_266' title='bbox 220 3114 275 3156; x_wconf 84' lang='lat' dir='ltr'><strong>pic</strong></span> <span class='ocrx_word' id='word_1_267' title='bbox 299 3125 324 3145; x_wconf 83' lang='lat'><strong>8.</strong></span> <span class='ocrx_word' id='word_1_268' title='bbox 352 3113 374 3145; x_wconf 83' lang='lat' dir='ltr'><strong>l.</strong></span> <span class='ocrx_word' id='word_1_269' title='bbox 400 3112 482 3145; x_wconf 73' lang='lat' dir='ltr'><strong>add.</strong></span> <span class='ocrx_word' id='word_1_270' title='bbox 500 3110 550 3144; x_wconf 84' lang='lat' dir='ltr'><strong><em>M</em></strong></span> <span class='ocrx_word' id='word_1_271' title='bbox 557 3112 580 3154; x_wconf 83' lang='lat'><strong>¹,</strong></span> <span class='ocrx_word' id='word_1_272' title='bbox 605 3122 694 3144; x_wconf 78' lang='lat' dir='ltr'><strong>eras.</strong></span> <span class='ocrx_word' id='word_1_273' title='bbox 720 3107 770 3141; x_wconf 84' lang='lat' dir='ltr'><strong><em>M</em></strong></span> <span class='ocrx_word' id='word_1_274' title='bbox 774 3108 801 3151; x_wconf 73' lang='lat'><strong>²)</strong></span> <span class='ocrx_word' id='word_1_275' title='bbox 828 3107 878 3140; x_wconf 85' lang='grc' dir='ltr'><em>Μ</em></span> <span class='ocrx_word' id='word_1_276' title='bbox 880 3134 887 3147; x_wconf 73' lang='lat'><em>‚</em></span> <span class='ocrx_word' id='word_1_277' title='bbox 915 3073 1120 3160; x_wconf 50' lang='lat' dir='ltr'><strong>suscipiebat</strong></span> <span class='ocrx_word' id='word_1_278' title='bbox 1150 3102 1209 3138; x_wconf 74' lang='lat' dir='ltr'><strong>F²</strong></span> <span class='ocrx_word' id='word_1_279' title='bbox 1283 3105 1413 3137; x_wconf 86' lang='lat' dir='ltr'><strong>habens</strong></span> <span class='ocrx_word' id='word_1_280' title='bbox 1438 3101 1521 3135; x_wconf 79' lang='lat' dir='ltr'><strong>LM</strong></span> <span class='ocrx_word' id='word_1_281' title='bbox 1526 3102 1557 3134; x_wconf 90' lang='lat' dir='ltr'><em>T</em></span> <span class='ocrx_word' id='word_1_282' title='bbox 1557 3099 1596 3134; x_wconf 84' lang='lat' dir='ltr'><em>F</em></span> <span class='ocrx_word' id='word_1_283' title='bbox 1597 3100 1641 3135; x_wconf 77' lang='lat' dir='ltr'><strong>P.</strong></span> <span class='ocrx_word' id='word_1_284' title='bbox 1667 3102 1815 3134; x_wconf 86' lang='lat' dir='ltr'><strong>hominis</strong></span> <span class='ocrx_word' id='word_1_285' title='bbox 1843 3098 1872 3133; x_wconf 82' lang='lat' dir='ltr'><em>C</em></span> <span class='ocrx_word' id='word_1_286' title='bbox 2009 3098 2031 3131; x_wconf 84' lang='grc'>3</span> <span class='ocrx_word' id='word_1_287' title='bbox 2056 3099 2205 3142; x_wconf 79' lang='lat' dir='ltr'><strong>negociis</strong></span> <span class='ocrx_word' id='word_1_288' title='bbox 2235 3094 2263 3128; x_wconf 86' lang='lat' dir='ltr'><strong>C&#39;</strong></span> <span class='ocrx_word' id='word_1_289' title='bbox 2355 3095 2442 3127; x_wconf 76' lang='lat' dir='ltr'><strong>villi-</strong></span> 
     </span>
     <span class='ocr_line' id='line_1_42' title="bbox 222 3158 2442 3233; baseline -0.009 -7"><span class='ocrx_word' id='word_1_290' title='bbox 222 3204 301 3226; x_wconf 81' lang='lat' dir='ltr'><strong>cum</strong></span> <span class='ocrx_word' id='word_1_291' title='bbox 325 3190 409 3225; x_wconf 88' lang='lat' dir='ltr'><strong>MT</strong></span> <span class='ocrx_word' id='word_1_292' title='bbox 408 3189 480 3225; x_wconf 83' lang='lat' dir='ltr'><strong>CF</strong></span> <span class='ocrx_word' id='word_1_293' title='bbox 479 3191 516 3224; x_wconf 90' lang='lat' dir='ltr'><strong><em>P</em></strong></span> <span class='ocrx_word' id='word_1_294' title='bbox 652 3191 676 3224; x_wconf 88' lang='lat'>4</span> <span class='ocrx_word' id='word_1_295' title='bbox 699 3190 910 3224; x_wconf 83' lang='lat' dir='ltr'><strong>leccionibus</strong></span> <span class='ocrx_word' id='word_1_296' title='bbox 939 3187 969 3222; x_wconf 84' lang='lat' dir='ltr'><strong><em>C</em></strong></span> <span class='ocrx_word' id='word_1_297' title='bbox 1082 3187 1103 3220; x_wconf 81' lang='lat'>5</span> <span class='ocrx_word' id='word_1_298' title='bbox 1128 3158 1247 3229; x_wconf 72' lang='lat' dir='ltr'><strong>utique</strong></span> <span class='ocrx_word' id='word_1_299' title='bbox 1262 3183 1331 3217; x_wconf 64' lang='lat' dir='ltr'><strong>js:</strong></span> <span class='ocrx_word' id='word_1_300' title='bbox 1449 3182 1470 3215; x_wconf 80' lang='lat'>6</span> <span class='ocrx_word' id='word_1_301' title='bbox 1496 3180 1869 3233; x_wconf 71' lang='lat' dir='ltr'><strong>fidaeegermanitatisL</strong></span> <span class='ocrx_word' id='word_1_302' title='bbox 1990 3178 2008 3211; x_wconf 78' lang='grc' dir='ltr'><strong>’ἰ</strong></span> <span class='ocrx_word' id='word_1_303' title='bbox 2035 3178 2159 3211; x_wconf 85' lang='lat' dir='ltr'><strong>doloris</strong></span> <span class='ocrx_word' id='word_1_304' title='bbox 2184 3190 2210 3210; x_wconf 78' lang='lat' dir='ltr'><strong>s.</strong></span> <span class='ocrx_word' id='word_1_305' title='bbox 2237 3177 2258 3209; x_wconf 85' lang='lat' dir='ltr'><strong>l.</strong></span> <span class='ocrx_word' id='word_1_306' title='bbox 2285 3175 2367 3207; x_wconf 72' lang='lat' dir='ltr'><strong>add.</strong></span> <span class='ocrx_word' id='word_1_307' title='bbox 2394 3174 2425 3205; x_wconf 94' lang='lat' dir='ltr'><em>T</em></span> <span class='ocrx_word' id='word_1_308' title='bbox 2430 3175 2442 3193; x_wconf 76' lang='lat'><strong>²</strong></span> 
     </span>
     <span class='ocr_line' id='line_1_43' title="bbox 223 3253 2441 3318; baseline -0.009 -10"><span class='ocrx_word' id='word_1_309' title='bbox 223 3285 304 3318; x_wconf 85' lang='lat' dir='ltr'><strong>ergo</strong></span> <span class='ocrx_word' id='word_1_310' title='bbox 328 3278 368 3307; x_wconf 81' lang='lat' dir='ltr'><strong>ut</strong></span> <span class='ocrx_word' id='word_1_311' title='bbox 381 3270 582 3314; x_wconf 88' lang='lat' dir='ltr'><em>LMTFP,</em></span> <span class='ocrx_word' id='word_1_312' title='bbox 608 3283 734 3316; x_wconf 88' lang='lat' dir='ltr'><strong>ergone</strong></span> <span class='ocrx_word' id='word_1_313' title='bbox 753 3269 783 3304; x_wconf 86' lang='lat' dir='ltr'>C</span> <span class='ocrx_word' id='word_1_314' title='bbox 878 3270 927 3303; x_wconf 84' lang='lat' dir='ltr'><strong>ad</strong></span> <span class='ocrx_word' id='word_1_315' title='bbox 950 3270 985 3302; x_wconf 65' lang='lat' dir='ltr'><strong>ia</strong></span> <span class='ocrx_word' id='word_1_316' title='bbox 1010 3281 1083 3302; x_wconf 74' lang='lat' dir='ltr'><strong>var.</strong></span> <span class='ocrx_word' id='word_1_317' title='bbox 1111 3269 1182 3301; x_wconf 76' lang='lat' dir='ltr'><strong>lect.</strong></span> <span class='ocrx_word' id='word_1_318' title='bbox 1209 3280 1235 3299; x_wconf 75' lang='lat' dir='ltr'><strong>s.</strong></span> <span class='ocrx_word' id='word_1_319' title='bbox 1262 3267 1284 3298; x_wconf 77' lang='lat' dir='ltr'><strong>l.</strong></span> <span class='ocrx_word' id='word_1_320' title='bbox 1311 3265 1394 3297; x_wconf 69' lang='lat' dir='ltr'><strong>add.</strong></span> <span class='ocrx_word' id='word_1_321' title='bbox 1420 3262 1499 3304; x_wconf 61' lang='grc' dir='ltr'><strong>Λ111,</strong></span> <span class='ocrx_word' id='word_1_322' title='bbox 1525 3274 1613 3295; x_wconf 79' lang='lat' dir='ltr'><strong>eras.</strong></span> <span class='ocrx_word' id='word_1_323' title='bbox 1642 3260 1731 3302; x_wconf 64' lang='lat'><strong>31²,</strong></span> <span class='ocrx_word' id='word_1_324' title='bbox 1756 3263 1789 3304; x_wconf 58' lang='grc' dir='ltr'><em>ἶ</em></span> <span class='ocrx_word' id='word_1_325' title='bbox 1808 3258 1848 3293; x_wconf 87' lang='lat' dir='ltr'><strong><em>F</em></strong></span> <span class='ocrx_word' id='word_1_326' title='bbox 1995 3258 2017 3291; x_wconf 73' lang='lat' dir='ltr'>S</span> <span class='ocrx_word' id='word_1_327' title='bbox 2042 3259 2075 3291; x_wconf 87' lang='lat' dir='ltr'><strong>id</strong></span> <span class='ocrx_word' id='word_1_328' title='bbox 2101 3263 2151 3291; x_wconf 88' lang='lat' dir='ltr'><strong>est</strong></span> <span class='ocrx_word' id='word_1_329' title='bbox 2175 3269 2200 3290; x_wconf 84' lang='lat' dir='ltr'><strong>s.</strong></span> <span class='ocrx_word' id='word_1_330' title='bbox 2227 3257 2249 3289; x_wconf 81' lang='lat' dir='ltr'><strong>l.</strong></span> <span class='ocrx_word' id='word_1_331' title='bbox 2276 3255 2358 3288; x_wconf 73' lang='lat' dir='ltr'><strong>adel.</strong></span> <span class='ocrx_word' id='word_1_332' title='bbox 2388 3253 2441 3286; x_wconf 86' lang='lat' dir='ltr'><strong>P¹</strong></span> 
     </span>
     <span class='ocr_line' id='line_1_44' title="bbox 223 3335 2444 3395; baseline -0.009 -7"><span class='ocrx_word' id='word_1_333' title='bbox 223 3351 245 3386; x_wconf 90' lang='grc'>9</span> <span class='ocrx_word' id='word_1_334' title='bbox 269 3354 438 3387; x_wconf 83' lang='lat' dir='ltr'><strong>laboriose</strong></span> <span class='ocrx_word' id='word_1_335' title='bbox 462 3352 550 3395; x_wconf 73' lang='lat' dir='ltr'><strong>(var.</strong></span> <span class='ocrx_word' id='word_1_336' title='bbox 576 3353 661 3394; x_wconf 66' lang='lat' dir='ltr'><strong>lect„</strong></span> <span class='ocrx_word' id='word_1_337' title='bbox 684 3363 787 3395; x_wconf 82' lang='lat' dir='ltr'><strong>quam</strong></span> <span class='ocrx_word' id='word_1_338' title='bbox 813 3351 863 3384; x_wconf 81' lang='lat' dir='ltr'><strong>ad</strong></span> <span class='ocrx_word' id='word_1_339' title='bbox 885 3362 904 3384; x_wconf 88' lang='lat' dir='ltr'><strong>e</strong></span> <span class='ocrx_word' id='word_1_340' title='bbox 928 3362 955 3382; x_wconf 80' lang='lat' dir='ltr'><strong>s.</strong></span> <span class='ocrx_word' id='word_1_341' title='bbox 982 3350 1005 3382; x_wconf 79' lang='lat' dir='ltr'><strong>l.</strong></span> <span class='ocrx_word' id='word_1_342' title='bbox 1031 3349 1114 3381; x_wconf 79' lang='lat' dir='ltr'><strong>add.</strong></span> <span class='ocrx_word' id='word_1_343' title='bbox 1134 3346 1213 3389; x_wconf 75' lang='lat'>1111,</span> <span class='ocrx_word' id='word_1_344' title='bbox 1239 3358 1328 3379; x_wconf 75' lang='lat' dir='ltr'><strong>eras,</strong></span> <span class='ocrx_word' id='word_1_345' title='bbox 1347 3343 1396 3377; x_wconf 82' lang='lat' dir='ltr'><strong><em>M</em></strong></span> <span class='ocrx_word' id='word_1_346' title='bbox 1401 3344 1428 3385; x_wconf 75' lang='lat'><strong>²)</strong></span> <span class='ocrx_word' id='word_1_347' title='bbox 1445 3342 1500 3384; x_wconf 76' lang='lat' dir='ltr'><strong>M,</strong></span> <span class='ocrx_word' id='word_1_348' title='bbox 1526 3343 1697 3376; x_wconf 67' lang='lat' dir='ltr'><strong>laboriosa</strong></span> <span class='ocrx_word' id='word_1_349' title='bbox 1717 3339 1757 3374; x_wconf 87' lang='lat' dir='ltr'><em>F</em></span> <span class='ocrx_word' id='word_1_350' title='bbox 1898 3340 1940 3372; x_wconf 82' lang='lat'><strong>10</strong></span> <span class='ocrx_word' id='word_1_351' title='bbox 1964 3339 2012 3372; x_wconf 81' lang='lat' dir='ltr'><strong>ad</strong></span> <span class='ocrx_word' id='word_1_352' title='bbox 2037 3340 2109 3372; x_wconf 83' lang='lat' dir='ltr'><strong>eius</strong></span> <span class='ocrx_word' id='word_1_353' title='bbox 2134 3350 2159 3370; x_wconf 87' lang='lat'><strong>8.</strong></span> <span class='ocrx_word' id='word_1_354' title='bbox 2186 3338 2208 3370; x_wconf 86' lang='lat' dir='ltr'><strong>l.</strong></span> <span class='ocrx_word' id='word_1_355' title='bbox 2236 3337 2317 3369; x_wconf 77' lang='lat' dir='ltr'><strong>add.</strong></span> <span class='ocrx_word' id='word_1_356' title='bbox 2344 3335 2444 3374; x_wconf 76' lang='lat' dir='ltr'><strong>nenie</strong></span> 
     </span>
     <span class='ocr_line' id='line_1_45' title="bbox 224 3411 2445 3467; baseline -0.009 -1"><span class='ocrx_word' id='word_1_357' title='bbox 224 3439 262 3466; x_wconf 71' lang='lat' dir='ltr'><strong>ut</strong></span> <span class='ocrx_word' id='word_1_358' title='bbox 283 3445 313 3467; x_wconf 84' lang='grc' dir='ltr'><strong>υ.</strong></span> <span class='ocrx_word' id='word_1_359' title='bbox 331 3432 400 3466; x_wconf 74' lang='lat' dir='ltr'><strong>M²</strong></span> <span class='ocrx_word' id='word_1_360' title='bbox 518 3432 560 3465; x_wconf 85' lang='lat'><strong>11</strong></span> <span class='ocrx_word' id='word_1_361' title='bbox 586 3444 740 3466; x_wconf 85' lang='lat' dir='ltr'><strong>carmens</strong></span> <span class='ocrx_word' id='word_1_362' title='bbox 756 3429 814 3464; x_wconf 85' lang='lat' dir='ltr'><strong>F¹</strong></span> <span class='ocrx_word' id='word_1_363' title='bbox 908 3429 978 3464; x_wconf 75' lang='lat' dir='ltr'><strong>v.3</strong></span> <span class='ocrx_word' id='word_1_364' title='bbox 1002 3429 1143 3462; x_wconf 86' lang='lat' dir='ltr'><strong>menbra</strong></span> <span class='ocrx_word' id='word_1_365' title='bbox 1157 3424 1246 3459; x_wconf 82' lang='lat' dir='ltr'><strong>MF</strong></span> <span class='ocrx_word' id='word_1_366' title='bbox 1350 3436 1382 3456; x_wconf 75' lang='lat' dir='ltr'><strong>V.</strong></span> <span class='ocrx_word' id='word_1_367' title='bbox 1397 3422 1420 3456; x_wconf 74' lang='lat'>4</span> <span class='ocrx_word' id='word_1_368' title='bbox 1444 3423 1650 3457; x_wconf 82' lang='lat' dir='ltr'><strong>bibliotheca</strong></span> <span class='ocrx_word' id='word_1_369' title='bbox 1668 3418 1859 3454; x_wconf 80' lang='lat' dir='ltr'><strong><em>MTCFP</em></strong></span> <span class='ocrx_word' id='word_1_370' title='bbox 1958 3431 2014 3452; x_wconf 71' lang='lat' dir='ltr'><strong>vv.</strong></span> <span class='ocrx_word' id='word_1_371' title='bbox 2030 3417 2050 3451; x_wconf 78' lang='grc' dir='ltr'><strong>’ἶ</strong></span> <span class='ocrx_word' id='word_1_372' title='bbox 2075 3417 2096 3450; x_wconf 80' lang='grc'><strong>9</strong></span> <span class='ocrx_word' id='word_1_373' title='bbox 2123 3417 2163 3450; x_wconf 92' lang='grc'><strong>11</strong></span> <span class='ocrx_word' id='word_1_374' title='bbox 2193 3414 2235 3449; x_wconf 78' lang='lat'><strong>14</strong></span> <span class='ocrx_word' id='word_1_375' title='bbox 2263 3415 2304 3448; x_wconf 82' lang='grc'><strong>16</strong></span> <span class='ocrx_word' id='word_1_376' title='bbox 2331 3413 2374 3447; x_wconf 86' lang='grc'><strong>18</strong></span> <span class='ocrx_word' id='word_1_377' title='bbox 2399 3411 2445 3445; x_wconf 76' lang='lat'><strong>‘20</strong></span> 
     </span>
     <span class='ocr_line' id='line_1_46' title="bbox 226 3478 2445 3549; baseline -0.01 1"><span class='ocrx_word' id='word_1_378' title='bbox 226 3516 264 3548; x_wconf 80' lang='lat' dir='ltr'><strong>in</strong></span> <span class='ocrx_word' id='word_1_379' title='bbox 285 3527 356 3549; x_wconf 78' lang='lat' dir='ltr'><strong>ras.</strong></span> <span class='ocrx_word' id='word_1_380' title='bbox 383 3515 539 3549; x_wconf 68' lang='lat' dir='ltr'><strong>exaravit</strong></span> <span class='ocrx_word' id='word_1_381' title='bbox 564 3511 595 3547; x_wconf 84' lang='lat' dir='ltr'><strong><em>G</em></strong></span> <span class='ocrx_word' id='word_1_382' title='bbox 602 3514 611 3533; x_wconf 89' lang='lat'>¹</span> <span class='ocrx_word' id='word_1_383' title='bbox 724 3478 756 3545; x_wconf 52' lang='lat' dir='ltr'><strong>ir.</strong></span> <span class='ocrx_word' id='word_1_384' title='bbox 785 3511 804 3545; x_wconf 73' lang='lat'>7</span> <span class='ocrx_word' id='word_1_385' title='bbox 829 3512 1049 3546; x_wconf 83' lang='lat' dir='ltr'><strong>institucione</strong></span> <span class='ocrx_word' id='word_1_386' title='bbox 1076 3508 1104 3542; x_wconf 84' lang='lat' dir='ltr'><em>C</em></span> <span class='ocrx_word' id='word_1_387' title='bbox 1217 3519 1249 3540; x_wconf 85' lang='lat' dir='ltr'><strong>v.</strong></span> <span class='ocrx_word' id='word_1_388' title='bbox 1276 3505 1298 3539; x_wconf 85' lang='grc'>8</span> <span class='ocrx_word' id='word_1_389' title='bbox 1323 3505 1501 3538; x_wconf 84' lang='lat' dir='ltr'><strong>dialetieus</strong></span> <span class='ocrx_word' id='word_1_390' title='bbox 1530 3502 1560 3537; x_wconf 86' lang='lat' dir='ltr'><em>C</em></span> <span class='ocrx_word' id='word_1_391' title='bbox 1669 3514 1702 3535; x_wconf 84' lang='lat' dir='ltr'><strong>v.</strong></span> <span class='ocrx_word' id='word_1_392' title='bbox 1729 3501 1750 3535; x_wconf 86' lang='lat'>9</span> <span class='ocrx_word' id='word_1_393' title='bbox 1774 3506 1948 3546; x_wconf 85' lang='lat' dir='ltr'><strong>geometer</strong></span> <span class='ocrx_word' id='word_1_394' title='bbox 1976 3498 2005 3533; x_wconf 87' lang='lat' dir='ltr'><strong>C&#39;</strong></span> <span class='ocrx_word' id='word_1_395' title='bbox 2112 3511 2144 3531; x_wconf 72' lang='grc' dir='ltr'><strong>ν.</strong></span> <span class='ocrx_word' id='word_1_396' title='bbox 2171 3496 2214 3530; x_wconf 80' lang='grc'><strong>12</strong></span> <span class='ocrx_word' id='word_1_397' title='bbox 2239 3497 2308 3539; x_wconf 88' lang='lat' dir='ltr'><strong>siq:</strong></span> <span class='ocrx_word' id='word_1_398' title='bbox 2334 3495 2445 3528; x_wconf 82' lang='lat' dir='ltr'><strong>chato-</strong></span> 
     </span>
     <span class='ocr_line' id='line_1_47' title="bbox 225 3564 2442 3639; baseline -0.011 -8"><span class='ocrx_word' id='word_1_399' title='bbox 225 3597 327 3630; x_wconf 83' lang='lat' dir='ltr'><strong>licam</strong></span> <span class='ocrx_word' id='word_1_400' title='bbox 355 3594 386 3630; x_wconf 91' lang='lat' dir='ltr'><strong>C&#39;</strong></span> <span class='ocrx_word' id='word_1_401' title='bbox 523 3608 559 3639; x_wconf 88' lang='lat' dir='ltr'><strong>q;</strong></span> <span class='ocrx_word' id='word_1_402' title='bbox 585 3607 673 3628; x_wconf 83' lang='lat' dir='ltr'><strong>corr.</strong></span> <span class='ocrx_word' id='word_1_403' title='bbox 699 3595 734 3627; x_wconf 68' lang='lat' dir='ltr'><strong>z&#39;vz</strong></span> <span class='ocrx_word' id='word_1_404' title='bbox 759 3564 782 3637; x_wconf 51' lang='grc' dir='ltr'><strong>ε(31</strong></span> <span class='ocrx_word' id='word_1_405' title='bbox 809 3590 871 3625; x_wconf 84' lang='lat' dir='ltr'><strong>F2</strong></span> <span class='ocrx_word' id='word_1_406' title='bbox 1011 3593 1185 3625; x_wconf 86' lang='lat' dir='ltr'><strong>lacessunt</strong></span> <span class='ocrx_word' id='word_1_407' title='bbox 1221 3587 1310 3631; x_wconf 81' lang='lat' dir='ltr'><strong>(var.</strong></span> <span class='ocrx_word' id='word_1_408' title='bbox 1343 3587 1415 3619; x_wconf 82' lang='lat' dir='ltr'><strong>lect.</strong></span> <span class='ocrx_word' id='word_1_409' title='bbox 1445 3586 1494 3618; x_wconf 81' lang='lat' dir='ltr'><strong>ad</strong></span> <span class='ocrx_word' id='word_1_410' title='bbox 1516 3597 1540 3618; x_wconf 93' lang='lat' dir='ltr'><strong>u</strong></span> <span class='ocrx_word' id='word_1_411' title='bbox 1564 3597 1590 3618; x_wconf 78' lang='lat' dir='ltr'><strong>s.</strong></span> <span class='ocrx_word' id='word_1_412' title='bbox 1618 3585 1639 3618; x_wconf 82' lang='lat' dir='ltr'><strong>l.</strong></span> <span class='ocrx_word' id='word_1_413' title='bbox 1665 3584 1748 3616; x_wconf 77' lang='lat' dir='ltr'><strong>add.</strong></span> <span class='ocrx_word' id='word_1_414' title='bbox 1776 3581 1825 3615; x_wconf 84' lang='lat' dir='ltr'><strong><em>M</em></strong></span> <span class='ocrx_word' id='word_1_415' title='bbox 1837 3583 1860 3624; x_wconf 91' lang='lat'><strong>¹,</strong></span> <span class='ocrx_word' id='word_1_416' title='bbox 1891 3593 1980 3615; x_wconf 77' lang='lat' dir='ltr'><strong>eras.</strong></span> <span class='ocrx_word' id='word_1_417' title='bbox 2007 3579 2092 3621; x_wconf 72' lang='lat' dir='ltr'><strong>M2)</strong></span> <span class='ocrx_word' id='word_1_418' title='bbox 2120 3577 2182 3620; x_wconf 82' lang='lat' dir='ltr'><strong>M,</strong></span> <span class='ocrx_word' id='word_1_419' title='bbox 2216 3576 2376 3610; x_wconf 75' lang='lat' dir='ltr'><strong>lacessint</strong></span> <span class='ocrx_word' id='word_1_420' title='bbox 2401 3574 2442 3615; x_wconf 87' lang='lat' dir='ltr'><strong>L,</strong></span> 
     </span>
     <span class='ocr_line' id='line_1_48' title="bbox 227 3650 2443 3718; baseline -0.011 -6"><span class='ocrx_word' id='word_1_421' title='bbox 227 3678 405 3711; x_wconf 77' lang='lat' dir='ltr'><strong>lacescunt</strong></span> <span class='ocrx_word' id='word_1_422' title='bbox 432 3674 473 3709; x_wconf 90' lang='lat' dir='ltr'><em>F</em></span> <span class='ocrx_word' id='word_1_423' title='bbox 609 3688 642 3708; x_wconf 87' lang='lat' dir='ltr'><strong>v.</strong></span> <span class='ocrx_word' id='word_1_424' title='bbox 669 3673 713 3708; x_wconf 86' lang='lat'><strong>13</strong></span> <span class='ocrx_word' id='word_1_425' title='bbox 738 3674 957 3718; x_wconf 85' lang='lat' dir='ltr'><strong>phonaschus</strong></span> <span class='ocrx_word' id='word_1_426' title='bbox 982 3671 1031 3705; x_wconf 83' lang='lat' dir='ltr'><em>M</em></span> <span class='ocrx_word' id='word_1_427' title='bbox 1175 3681 1206 3702; x_wconf 86' lang='lat' dir='ltr'><strong>v.</strong></span> <span class='ocrx_word' id='word_1_428' title='bbox 1236 3666 1278 3701; x_wconf 75' lang='lat'><strong>14</strong></span> <span class='ocrx_word' id='word_1_429' title='bbox 1303 3667 1352 3700; x_wconf 75' lang='lat' dir='ltr'><strong>bis</strong></span> <span class='ocrx_word' id='word_1_430' title='bbox 1376 3666 1534 3699; x_wconf 57' lang='lat' dir='ltr'><strong>«az-aravit</strong></span> <span class='ocrx_word' id='word_1_431' title='bbox 1560 3663 1607 3707; x_wconf 76' lang='lat' dir='ltr'><strong>C,</strong></span> <span class='ocrx_word' id='word_1_432' title='bbox 1643 3665 1704 3698; x_wconf 79' lang='lat' dir='ltr'><strong>sed</strong></span> <span class='ocrx_word' id='word_1_433' title='bbox 1720 3663 1842 3707; x_wconf 77' lang='lat' dir='ltr'><strong>priore</strong></span> <span class='ocrx_word' id='word_1_434' title='bbox 1868 3663 1940 3694; x_wconf 85' lang='lat' dir='ltr'><strong>loco</strong></span> <span class='ocrx_word' id='word_1_435' title='bbox 1966 3661 2100 3694; x_wconf 60' lang='lat' dir='ltr'><strong>indm-it</strong></span> <span class='ocrx_word' id='word_1_436' title='bbox 2127 3658 2176 3692; x_wconf 78' lang='lat' dir='ltr'><strong>C¹</strong></span> <span class='ocrx_word' id='word_1_437' title='bbox 2269 3661 2356 3689; x_wconf 85' lang='lat' dir='ltr'><strong>autae</strong></span> <span class='ocrx_word' id='word_1_438' title='bbox 2384 3650 2423 3686; x_wconf 89' lang='lat' dir='ltr'><strong><em>F</em></strong></span> <span class='ocrx_word' id='word_1_439' title='bbox 2433 3654 2443 3673; x_wconf 84' lang='lat'><strong>¹</strong></span> 
     </span>
    </p>
   </div>
   <div class='ocr_carea' id='block_1_7' title="bbox 231 3718 1932 3804">
    <p class='ocr_par' dir='ltr' id='par_1_12' title="bbox 231 3718 1932 3804">
     <span class='ocr_line' id='line_1_49' title="bbox 231 3718 1932 3804; baseline -0.01 -12"><span class='ocrx_word' id='word_1_440' title='bbox 231 3770 263 3792; x_wconf 82' lang='lat' dir='ltr'><strong>v.</strong></span> <span class='ocrx_word' id='word_1_441' title='bbox 290 3756 334 3791; x_wconf 89' lang='grc'><strong>16</strong></span> <span class='ocrx_word' id='word_1_442' title='bbox 359 3756 605 3804; x_wconf 88' lang='lat' dir='ltr'><strong>sollempnibus</strong></span> <span class='ocrx_word' id='word_1_443' title='bbox 630 3753 716 3798; x_wconf 82' lang='grc' dir='ltr'><strong>ΜΟ,</strong></span> <span class='ocrx_word' id='word_1_444' title='bbox 741 3718 940 3801; x_wconf 63' lang='lat' dir='ltr'><strong>sollempnbits</strong></span> <span class='ocrx_word' id='word_1_445' title='bbox 968 3751 1008 3786; x_wconf 85' lang='lat' dir='ltr'><em>F</em></span> <span class='ocrx_word' id='word_1_446' title='bbox 1014 3754 1027 3773; x_wconf 78' lang='lat'><strong>²</strong></span> <span class='ocrx_word' id='word_1_447' title='bbox 1167 3762 1200 3784; x_wconf 78' lang='lat' dir='ltr'><strong>V.</strong></span> <span class='ocrx_word' id='word_1_448' title='bbox 1226 3747 1270 3781; x_wconf 75' lang='lat'><strong>21</strong></span> <span class='ocrx_word' id='word_1_449' title='bbox 1296 3747 1418 3782; x_wconf 85' lang='lat' dir='ltr'><strong>sumsit</strong></span> <span class='ocrx_word' id='word_1_450' title='bbox 1441 3746 1474 3780; x_wconf 90' lang='lat' dir='ltr'><em>L</em></span> <span class='ocrx_word' id='word_1_451' title='bbox 1613 3757 1646 3778; x_wconf 71' lang='lat' dir='ltr'><strong>v.</strong></span> <span class='ocrx_word' id='word_1_452' title='bbox 1672 3742 1719 3779; x_wconf 73' lang='lat'><strong>:24</strong></span> <span class='ocrx_word' id='word_1_453' title='bbox 1741 3754 1870 3777; x_wconf 87' lang='lat' dir='ltr'><strong>memor</strong></span> <span class='ocrx_word' id='word_1_454' title='bbox 1895 3740 1932 3775; x_wconf 90' lang='lat' dir='ltr'><strong><em>P</em></strong></span> 
     </span>
    </p>
   </div>
  </div>
 </body>
</html>
