2583 4011
46 1113 78 1137 10

46 1620 77 1644 15

44 1993 78 2019 20

45 2527 78 2552 25

49 3000 83 3025 30

834 181 974 216 mssa
1002 182 1048 222 Π,
1084 181 1181 217 Lvu
1208 183 1227 225 ς·
1255 183 1270 215 1
1300 202 1340 205 —
1369 182 1488 217 Lx111
1513 184 1533 226 g
1561 185 1591 218 1.
2234 187 2314 226 349

115 297 391 340 subtraxerat
428 297 652 349 inimicus,
694 297 910 351 benignus
955 296 1301 338 subministravit
1340 298 1535 339 affectus,
1600 311 1726 352 qucm
1767 298 1927 340 idcirco
1962 300 2086 340 nobis
2120 299 2318 341 dominus
2365 303 2389 341 2
2430 308 2472 353 (γ’

113 367 195 408 hoc
233 366 286 408 ad
327 370 498 422 tempus
537 366 729 421 permisit
767 366 933 415 inferri,
980 370 1027 406 ut
1069 369 1113 405 ct
1155 371 1343 407 nostram
1385 367 1636 421 patientiam
1686 381 1763 422 per
1809 369 2006 409 iniuriam
2047 375 2089 410 ct
2130 374 2317 411 vestram

116 450 220 491 erga
249 450 327 477 nos
361 436 586 476 caritatem
619 449 696 490 per
728 435 1078 490 compatientiam
1112 434 1415 489 comprobaret
1447 449 1497 475 ac
1531 434 1622 475 sinc
1648 435 1875 490 dispendio
1902 438 2119 479 facultatis
2143 444 2317 480 nostrae

114 504 233 546 vobis
265 505 431 546 lucrum
465 504 610 559 operis
645 517 722 559 per
753 504 1012 545 beneficium
1044 502 1293 544 dilectionis
1326 504 1513 545 afferret.

1170 698 1264 740 LX.

443 798 731 841 RURICIUS
765 798 1096 841 EPISCOPUS
1129 799 1292 841 FILIO
1315 800 1673 841 VJTTAMERO
1708 799 2003 843 SALUTEM.

252 878 517 938 FAmLiAnss
548 911 627 937 nos
651 897 776 938 vobis
809 897 912 938 facit
935 901 1081 938 vestra
1113 896 1320 952 dignatio,
1353 896 1453 938 dum
1487 897 1567 937 hoc
1600 896 1710 952 quod
1735 910 1759 938 a
1783 896 1908 937 nobis
1933 897 2121 939 libenter
2144 898 2324 939 offertur
2372 903 2383 938 1

114 980 139 1007 a
170 966 292 1007 vobis
325 969 548 1020 gratanter
580 966 811 1022 accipitur:
845 966 1057 1021 siquidem
1092 966 1196 1007 illud
1230 981 1386 1008 munus
1419 966 1689 1022 acceptabile
1723 966 1931 1022 probatur
1963 971 2005 1007 ct
2038 967 2177 1011 dulce,
2211 968 2322 1022 quod

113 1049 199 1076 non
239 1034 494 1089 magnitudo
538 1035 842 1085 insinuaverit,
887 1035 963 1076 sed
1003 1035 1316 1076 commendarit
1355 1036 1540 1076 affectio,
1612 1049 1723 1090 quac
1764 1050 1830 1076 res
1873 1036 1995 1081 facit,
2044 1040 2090 1076 ut
2130 1036 2180 1077 ad
2225 1052 2321 1092 pcr-

115 1103 370 1145 solvendum
403 1103 523 1144 vobis
557 1108 829 1159 spontaneae
862 1104 1103 1145 devotionis
1138 1105 1393 1159 obsequium
1433 1105 1560 1146 etiam
1596 1105 1637 1146 id
1679 1105 1916 1146 habeamus
1957 1107 1998 1146 in
2035 1107 2167 1150 votis,
2211 1107 2323 1161 quod

113 1187 197 1214 non
229 1173 440 1214 habemus
463 1173 504 1214 in
528 1172 686 1214 vorbis.
741 1173 900 1228 itaque,
935 1174 1194 1214 salutatione
1219 1173 1425 1229 depensa,
1459 1199 1583 1225 ΗΜ,
1618 1174 1717 1229 quia
1743 1180 1915 1216 centum
1944 1175 2032 1230 pira
2068 1176 2322 1216 sublimitati
2369 1178 2393 1215 2

112 1246 306 1286 vestrae,
350 1242 434 1283 alia
475 1246 645 1283 centum
685 1241 800 1283 filiae
840 1256 964 1283 meae
1004 1242 1222 1284 destinare
1256 1244 1552 1298 praesumpsi:
1596 1258 1707 1298 quae
1742 1245 1775 1284 si
1809 1245 1991 1285 fortasse
2026 1244 2325 1300 displicuerint

115 1311 283 1366 saporis
317 1315 460 1366 gustu,
494 1311 744 1367 placebunt,
776 1316 824 1352 ut
856 1311 1125 1363 confidimus,
1158 1312 1492 1354 transmittentis
1525 1312 1698 1355 affectu.

1163 1506 1282 1550 LXI.

605 1608 893 1652 RURICIUS
926 1608 1258 1650 EPISCOPUS
1291 1609 1518 1652 FRATRI
1550 1610 1844 1654 NAMATIO.

254 1687 432 1750 Sum-o
465 1708 697 1764 plurimum
732 1711 775 1750 et
807 1721 948 1764 spero,
986 1712 1048 1756 ut,
1081 1707 1116 1748 si
1151 1707 1342 1749 secundo
1376 1708 1565 1749 crastino
1599 1722 1683 1749 non
1717 1708 1925 1763 potueris,
1961 1709 2029 1749 vel
2063 1709 2191 1750 tertia
2223 1709 2330 1750 scria
2378 1712 2392 1750 1

115 1776 168 1818 ad
212 1790 290 1818 nos
328 1777 476 1819 venire
519 1777 730 1832 digneris,
778 1777 879 1833 quia
924 1775 1140 1818 desiderio
1188 1780 1289 1817 tuae
1337 1776 1530 1818 caritatis
1581 1777 1753 1819 accensi
1803 1782 1846 1818 ct
1891 1792 1967 1818 nos
2008 1778 2186 1819 dicimus
2232 1793 2327 1820 cum

113 1846 349 1902 propheta:
391 1847 560 1888 anima
590 1861 704 1889 mea
735 1847 872 1888 sicut
902 1850 1042 1887 terra
1075 1845 1186 1887 sine
1219 1860 1351 1901 aqua
1390 1846 1498 1887 tibi.
1561 1845 1759 1888 defecit
1798 1846 2016 1902 spiritus
2055 1861 2206 1890 meus
2268 1862 2328 1889 nc

116 1919 326 1957 avertas
379 1915 562 1957 faciem
616 1920 766 1957 tuam.
843 1930 897 1957 ne
945 1916 1124 1957 moreris
1174 1916 1434 1969 adventum,
1490 1920 1537 1958 ut
1584 1917 1773 1972 pectoris
1820 1917 1978 1970 nostri,
2033 1931 2160 1972 quem
2209 1918 2329 1973 parvi
2374 1920 2398 1958 2

114 1985 325 2042 temporis
360 1985 521 2027 solacio
556 1985 815 2038 suscitastis,
849 1985 1141 2041 exstinguatis
1174 1985 1437 2028 incendium.

1152 2180 1294 2223 LXII.

598 2282 886 2325 RURICIUS
920 2282 1251 2326 EPISCOPUS
1284 2283 1448 2325 FILIO
1479 2282 1850 2327 VITTAMERO.

265 2360 470 2423 Grmms
502 2394 584 2435 ago
618 2379 977 2435 dignantissimae
1017 2394 1122 2436 erga
1161 2395 1230 2422 me
1273 2380 1531 2422 sublimitati
1564 2385 1761 2433 vestrae,
1805 2381 1916 2436 quod
1955 2396 2030 2422 nos
2071 2381 2123 2422 dc
2162 2382 2330 2423 actibus
2379 2385 2393 2422 1

116 2453 247 2505 atque
289 2450 588 2491 incolumitate
628 2453 794 2496 vestra,
843 2463 950 2505 quos
997 2450 1136 2499 nostis
1184 2449 1264 2492 deo
1310 2451 1496 2507 propitio
1537 2464 1614 2506 pro
1655 2451 1941 2492 amicitiarum
1980 2451 2071 2492 iure
2111 2451 2331 2502 sollicitos,

113 2519 257 2560 facitis
295 2519 538 2561 litterarum
582 2518 816 2560 sedulitate
864 2533 1056 2561 securos.
1123 2518 1237 2561 unde
1284 2519 1352 2561 his
1398 2520 1669 2576 reciprocum
1716 2519 1849 2560 reddo
1898 2519 2113 2561 nobilitati
2159 2524 2330 2561 vestrae
2375 2521 2400 2559 2

116 2588 388 2629 salutationis
421 2587 610 2629 officium
643 2593 687 2630 et
718 2603 787 2630 me
820 2589 899 2631 has
932 2589 986 2631 de
1019 2588 1270 2631 Decaniaco
1303 2589 1358 2631 ad
1390 2604 1467 2631 vos
1501 2590 1674 2632 dedisse
1717 2590 1934 2645 significo,
1980 2604 2121 2631 meam
2162 2603 2332 2645 quoque

114 2657 237 2699 vobis
269 2657 419 2699 favore
451 2657 711 2710 divinitatis,
754 2672 884 2713 quam
916 2658 1038 2700 vobis
1071 2659 1247 2714 placere
1287 2658 1476 2710 confido,
1520 2658 1717 2700 indicans
1762 2659 2033 2715 sospitatem.
2095 2658 2334 2715 praestabit
2378 2660 2401 2699 3

118 2726 332 2779 dominum
364 2730 411 2768 ut
444 2727 572 2768 citius
604 2726 704 2768 hinc
726 2741 956 2782 regressus
979 2728 1136 2769 vestris
1159 2742 1331 2770 merear
1357 2727 1578 2770 obtutibus
1601 2729 1890 2784 praesentari,
1922 2732 1969 2770 ut
1991 2728 2111 2769 cuius
2135 2726 2332 2782 benigni—

116 2799 206 2838 tate
238 2800 385 2838 vestra
416 2796 631 2838 incitastis
665 2796 941 2850 desiderium,
973 2797 1138 2838 visione
1172 2797 1415 2839 sollicitetis
1450 2798 1669 2840 affectum.

1145 2991 1309 3035 LXIII.

486 3094 774 3155 RURICIUS
809 3094 1140 3137 EPISOOPUS
1173 3095 1398 3137 FRATRI
1432 3095 1630 3138 CLARO
1663 3094 1969 3138 EPISOOPO.

261 3174 576 3236 APOSTOLATul
613 3197 758 3235 vestro
805 3208 881 3250 pro
929 3208 981 3236 ea
1022 3209 1151 3250 quam
1194 3195 1298 3236 mihi
1343 3209 1427 3236 non
1471 3208 1548 3251 pro
1592 3194 1698 3234 meis
1745 3193 1911 3235 meritis
1959 3191 2034 3233 sed
2081 3206 2157 3248 pro
2201 3192 2335 3233 bene·
2384 3196 2395 3233 1

119 3263 311 3304 volentia
357 3263 597 3304 animorum
643 3267 886 3305 vestrorum
935 3263 1185 3320 impenditis
1234 3264 1436 3316 caritate,
1492 3277 1576 3304 non
1628 3263 1791 3316 dicam,
1839 3263 1978 3304 vicem
2026 3275 2109 3302 non
2160 3276 2334 3316 possum

258 3399 302 3433 18
325 3399 382 3433 Ps.
409 3399 551 3441 CXLII,
577 3401 609 3435 6.
637 3400 668 3436 7.

257 3491 279 3525 2
303 3491 435 3536 inferri]
461 3493 662 3535 -Mommseoz,
687 3495 813 3528 inferre
842 3494 872 3527 G
1011 3492 1033 3526 3
1064 3493 1300 3536 conpacientia
1324 3494 1544 3536 eonprobarit
1572 3493 1602 3526 G
1696 3490 1885 3536 dispendio]
1913 3491 2124 3534 Liitjohcmn,
2156 3492 2200 3533 cf.
2225 3501 2331 3532 supra

112 3563 152 3594 p.
169 3553 241 3592 315,
266 3552 287 3584 Z.
305 3553 415 3594 3751).
432 3553 506 3592 339,
533 3553 554 3584 Z.
575 3556 623 3593 11,
648 3553 752 3586 dubio
775 3553 805 3585 G
947 3551 965 3584 7
993 3552 1170 3585 familiaris
1195 3552 1225 3584 G
1365 3551 1406 3584 11
1433 3552 1611 3584 habemus.
1644 3552 1684 3583 In
1710 3551 1817 3583 uerba
1835 3551 1949 3591 itaque
1967 3549 2170 3581 salutatione
2189 3548 2335 3590 depensa

119 3609 204 3641 coni.
223 3608 412 3641 Allommsen
498 3607 627 3652 uerbis]
655 3610 739 3642 coni.
762 3610 931 3651 Oanisius,
955 3610 1062 3642 uerba
1083 3610 1112 3641 G
1199 3609 1354 3651 significo
1376 3609 1488 3651 suppl.
1508 3608 1708 3650 Lz'Itjolzmm
1794 3619 1872 3650 pera
1895 3608 1924 3639 G
2067 3604 2108 3637 19
2134 3605 2284 3648 peccaris
2306 3604 2336 3635 G

119 3664 234 3709 quem]
264 3666 294 3698 G
433 3664 479 3698 20
510 3665 721 3710 incendium]
752 3668 828 3700 finit
859 3667 940 3699 add.
963 3667 993 3699 G
1131 3664 1176 3698 24
1202 3666 1368 3698 sollicitus
1397 3666 1427 3698 G
1566 3664 1612 3698 25
1637 3675 1778 3698 securus
1809 3666 1838 3696 G
1980 3662 2025 3696 26
2051 3674 2159 3696 meam
2185 3659 2334 3704 quoque]

120 3722 330 3766 Lz'c'tjohaom,
354 3734 532 3766 meamque
561 3724 591 3755 G
729 3722 774 3756 27
801 3735 905 3766 quam
932 3734 994 3756 uos
1024 3723 1054 3754 G
