2583 4011
1128 218 1190 254 ΕΤ
1217 218 1551 256 LOCUTIONL'M.

228 341 343 376 supra
384 341 495 374 quam
526 343 533 365 :

276 398 419 422 morum
457 387 534 422 eius
576 387 738 423 facilitas
780 388 1017 433 varietasque
1061 389 1304 433 patiebantur

276 445 371 487 10,4;
415 456 544 480 vereor
593 446 817 480 sententiam
859 457 972 491 supra
1012 458 1123 490 quam
1168 446 1303 481 veritas

276 501 391 537 habet
415 503 601 547 prolatam
628 503 764 542 13028.

228 558 379 603 [suscipi
396 570 470 594 non
488 559 632 600 debere,
651 561 693 594 ut
710 560 819 595 homo
839 561 958 594 mater
975 559 1035 594 dei
1055 559 1104 594 sit
1125 559 1142 593 l·

273 617 319 658 ef.
345 617 485 658 28524.
511 616 665 660 286,34].

227 673 425 708 suscitator
449 673 646 708 litterarum
671 673 744 708 iam
771 673 999 718 sepult-arum
1030 674 1140 718 1224.

1143 559 1161 595 ⁸.
1178 561 1304 599 28520

227 733 448 776 suspector:
480 742 623 766 morum
665 732 870 766 vestrorum
912 733 1103 776 suspector
1142 730 1304 766 admira·
1337 761 1339 783 ,y

273 790 406 833 torque
445 788 550 826 43.15
599 790 656 832 (cf.
1039 789 1152 830 7224.
1190 789 1304 829 9218.

274 845 426 889 107‚12).

225 905 435 948 suspectus:
451 914 524 938 non
534 905 610 938 tam
622 904 824 949 suspicioni
839 916 950 949 quam
965 903 1151 949 suspectui
1165 904 1300 944 12820.

225 959 466 1006 [suspendere
493 960 539 996 ab
567 961 716 997 unitate
741 962 779 997 F.
806 962 962 1004 28824].

225 1029 373 1053 susurro
401 1019 514 1060 83‚13.

225 1077 354 1110 sutor:
380 1087 517 1121 gurges
544 1076 588 1111 de
614 1077 802 1112 sutoribus
828 1077 1040 1112 tabularum
1065 1076 1155 1117 4913.

225 1144 312 1168 suus
348 1134 420 1168 Ioco
445 1135 675 1178 pronominis
707 1134 1004 1169 demonstrativi:
1035 1144 1300 1178 saepenumero

270 1190 522 1235 postulavisti,
548 1194 602 1232 ut,
628 1192 717 1236 quia
735 1191 956 1227 Theodorici
1065 1189 1301 1226 commendat

269 1248 419 1293 populis
462 1249 561 1284 fama
602 1249 842 1291 civilitatem,
878 1249 1013 1284 litteris
1054 1248 1124 1283 tibi
1162 1250 1300 1283 formae

269 1317 357 1341 suae
383 1306 577 1350 quantitas
602 1333 609 1341 .
627 1334 633 1342 .
649 1335 656 1343 .
683 1307 957 1352 significaretur
976 1306 1054 1348 2‚1l
1080 1306 1182 1341 siim:
1208 1306 1300 1346 2,14.

272 1364 382 1406 10‚12.
429 1365 517 1405 16‚3.
558 1365 672 1406 2834.
719 1366 833 1406 4724.
879 1365 969 1408 74,8.
1014 1364 1128 1405 91‚14.
1176 1364 1300 1404 10925

269 1420 423 1466 (pectori
457 1423 550 1464 suo).
591 1423 725 1463 11528.
770 1424 806 1457 C.
839 1423 912 1458 13.
953 1422 1047 1456 1116
1082 1422 1128 1464 cf.
1163 1420 1205 1455 de
1238 1420 1300 1455 hoc

266 1488 336 1512 *nsit
369 1478 483 1524 Geyer
518 1479 559 1512 ἰιι
592 1479 737 1514 ‘Archiv
761 1480 826 1523 fiir
847 1480 908 1514 lat.
936 1478 1132 1523 Leoeikoffiz'
1167 1478 1227 1512 rol.
1255 1478 1299 1511 ΙΙ

260 1546 302 1579 p.
318 1540 359 1571 35
371 1546 421 1580 sq.
446 1557 487 1560 —
517 1536 616 1571 inter
639 1538 779 1581 cetera,
817 1548 913 1582 quae
938 1537 1010 1572 sibi
1037 1537 1094 1580 (=
1118 1536 1178 1579 iis)
1215 1547 1298 1580 pro-

266 1593 446 1628 vinciales
485 1593 633 1639 agenda
673 1593 945 1629 mandaverant
976 1594 1094 1635 1026:
1137 1593 1298 1638 [Christo

695 788 879 834 suspicere
909 790 1000 832 632.

265 1650 304 1685 in
330 1662 368 1686 se
395 1653 453 1696 (=
475 1654 526 1695 eo)
554 1653 732 1697 operante
758 1652 797 1687 F.
822 1651 953 1696 268,1].

220 1707 438 1752 syllabatim
465 1709 600 1751 16723.

219 1764 398 1810 [synodus
423 1766 524 1802 Caes.
549 1767 662 1808 274‚8.
687 1767 759 1811 23].

218 1834 342 1868 syrma
369 1824 436 1859 139
454 1836 487 1859 v.
506 1826 538 1860 5.
565 1824 602 1860 C.
628 1823 697 1858 XV
714 1825 768 1859 16.
796 1824 919 1858 XXIII
934 1824 1012 1859 125.

217 1880 439 1916 tabellarius
466 1882 577 1923 105‚3.
605 1882 717 1924 1352.
744 1883 880 1923 151,11.
900 1881 1034 1922 15226.
1065 1879 1294 1925 [R.305‚35];

266 1939 431 1974 variatur
467 1939 521 1974 his
554 1939 728 1975 vocabulis
753 1952 760 1973 :
798 1939 948 1974 baiulus
985 1937 1134 1983 apicum
1171 1936 1295 1980 58263

262 1997 414 2042 gerulus
447 1997 558 2042 (quod
585 2008 628 2032 ea
662 2000 775 2032 aetate
808 1997 934 2032 horum
969 1995 1178 2039 officialium
1209 2005 1295 2039 pro-

255 2055 479 2100 priumfuit)
505 2055 618 2097 5829.
645 2054 703 2099 [R.
727 2054 863 2100 306‚7];
888 2067 924 2100 g.
949 2053 1099 2099 apicum
1118 2053 1231 2095 57‚18‚
1257 2065 1293 2098 g.

263 2112 509 2158 epistularum
548 2112 639 2155 46‚7,
681 2124 716 2157 g.

261 2227 375 2272 58,17.
402 2228 523 2271 99,12;
549 2227 712 2273 portitor
735 2227 849 2263 57.17.
875 2227 989 2268 59,11.
1018 2227 1152 2267 11724.
1179 2227 1292 2268 1182,

261 2284 410 2331 apicum
426 2298 461 2331 p.
476 2285 580 2327 9626
597 2285 652 2328 [F.
667 2285 804 2326 270,12.
819 2285 874 2319 37.
889 2285 1026 2327 271,34.
1039 2283 1140 2319 Caes.
1154 2283 1291 2326 274,12.

261 2342 305 2377 R..
333 2343 470 2387 304‚14.
497 2342 635 2384 31629.
661 2342 790 2384 327,36
813 2345 845 2376 et
869 2342 920 2376 sic
941 2342 1067 2386 saepe}

213 2399 345 2434 tabula
381 2400 550 2435 rostralis
584 2400 679 2444 17,1;
723 2399 844 2434 tabula
882 2398 1098 2445 Capitolina
1132 2399 1219 2442 172.
1248 2419 1290 2423 —
1324 2443 1326 2455 μ

259 2458 404 2493 tabulae
429 2457 536 2493 ludus
560 2457 629 2499 42.
655 2457 769 2499 9020.
797 2457 910 2499 144,9.

215 2514 395 2550 tabularii
421 2516 541 2557 82,17;
567 2514 778 2550 tabularius
803 2515 894 2556 63‚4.

210 2573 360 2607 tacere:
387 2573 485 2608 sicut
515 2573 562 2608 ab
595 2584 637 2608 eo
671 2573 771 2618 quod
805 2574 861 2607 est
893 2583 1022 2617 sapere
1142 2571 1290 2617 sapien-

257 2630 350 2665 tiam
369 2631 616 2672 nominamus,
641 2630 760 2665 ...ab
787 2641 829 2665 eo
855 2630 955 2675 quod
983 2631 1040 2665 est
1065 2640 1142 2664 esse
1169 2640 1289 2665 essen—

256 2687 351 2722 tiam
463 2700 539 2724 non
564 2690 730 2724 tacemus
754 2689 892 2730 233,12.

213 2745 409 2780 taciturire
436 2747 548 2788 148,9.

212 2802 416 2847 [taediosus
443 2804 498 2847 (=
517 2803 636 2838 morbo
661 2804 822 2847 affectas)
848 2803 888 2838 E.
914 2803 1068 2849 273,35].

210 2860 290 2894 tam
317 2888 324 2895 .
340 2888 348 2897 .
366 2888 372 2895 .
400 2872 512 2905 quam
531 2874 538 2896 :
564 2860 661 2896 illud
678 2861 867 2906 peculiare
886 2862 994 2896 tuum
1012 2863 1068 2896 est
1094 2888 1100 2895 .
1117 2889 1123 2896 .

255 2920 332 2952 tam
364 2918 430 2963 qui
467 2920 506 2953 te
537 2918 774 2954 aemulentur
809 2930 885 2954 non
922 2919 1037 2954 habes
1068 2930 1180 2963 quam
1210 2930 1286 2954 non

253 2975 400 3011 invenis
425 2977 490 3021 qui
516 2978 721 3021 sequantur
745 2977 849 3018 27,16
875 2977 935 3020 (cf.
961 2988 1074 3021 quam
1102 3003 1130 3012 ..
1147 3003 1154 3011 .
1180 2977 1285 3020 tam).

208 3034 385 3068 tantum:
412 3045 487 3069 non
525 3045 594 3080 ego
628 3035 755 3069 tamen
788 3035 937 3068 tantum
970 3034 1043 3069 mei
1079 3033 1285 3069 meminens

253 3102 329 3125 non
354 3102 447 3133 sum,
473 3093 517 3126 ut
543 3119 550 3127 .
567 3118 597 3126 ..
623 3103 859 3136 praesumam
885 3091 1000 3133 9622.

207 3148 403 3194 tapinoma
427 3150 542 3191 55,13.

207 3205 526 3242 Tauromenitana
552 3207 590 3243 C.
615 3207 666 3242 IX
683 3208 760 3243 166.

205 3264 544 3308 temperamentum
574 3264 687 3308 2325.
718 3265 809 3306 61,8.
835 3265 949 3307 81,12.
979 3265 1114 3307 101,19.
1146 3264 1282 3306 13420.

252 3322 364 3363 16Ο,8.

205 3379 480 3423 tempestuosus
505 3379 597 3423 5S,4.

207 3434 425 3480 [temporius
449 3441 642 3481 cmnparat.
669 3438 711 3472 R.
738 3437 893 3483 332,13].

206 3498 370 3544 [tempus
411 3499 612 3535 omissum:
646 3503 690 3536 ut
720 3500 822 3536 'eum
862 3500 936 3546 ipsi
973 3502 1058 3545 post
1094 3500 1282 3536 modicum

250 3556 499 3592 restitueretis
524 3557 747 3593 incolumem
774 3560 819 3594 R.
844 3558 998 3604 348‚21].

205 3619 327 3664 [tenus
355 3632 363 3654 ε
397 3620 510 3656 verbo
541 3622 650 3656 tenus
690 3622 802 3657 homo
840 3622 1042 3657 deauratus
1077 3623 1153 3664 est,
1190 3622 1280 3658 deus

249 3688 382 3711 aurum
407 3679 463 3712 est
488 3678 528 3713 F.
553 3679 680 3722 26528
704 3680 751 3722 cf.
778 3679 958 3722 Woelfflin
981 3679 1023 3714 in
1049 3680 1191 3715 ‘Archiv
1215 3681 1281 3723 fiir

249 3735 308 3769 lat.
335 3734 536 3780 Leoeikoyr?
559 3737 625 3772 vol.
650 3738 679 3771 I
689 3748 728 3781 p.
747 3738 840 3783 421}

1139 2888 1161 2903 .‚
1187 2861 1287 2906 quod

342 3838 510 3874 Sinomes.

571 330 712 366 amicus
756 331 898 366 homini
942 331 994 366 fui
1044 342 1155 376 supra
1192 344 1303 376 quam
1339 335 1341 358 ἓ

1337 645 1339 651 .
1374 618 1576 653 terrisonus
1597 632 1603 653 :

750 2112 963 2147 litterarum
999 2112 1113 2153 98,14,
1157 2111 1291 2152 100,14.
1328 2126 1329 2156 ;

264 2170 399 2211 10720.
427 2170 528 2212 145,8
555 2170 613 2215 [R.
628 2169 766 2211 330‚30.
784 2169 944 2215 34525];
970 2169 1121 2214 apicum
1147 2168 1294 2204 oblator
1326 2204 1328 2211 ¹

1326 2222 1328 2246 Γ
1364 2229 1642 2265 tinnibulatus:
1669 2230 1768 2264 inter
1799 2240 1932 2275 greges
1966 2230 2215 2266 tinnibulatos
2243 2233 2441 2275 (tintinna-

2363 229 2438 270 481

1376 336 1552 379 teporus:
1583 336 1766 370 Favonius
1801 338 1890 372 Ilatu
1918 341 2045 383 teporo
2081 340 2202 382 170,16
2227 341 2282 382 (eli
2311 343 2445 376 ,lus-on.

1421 391 1516 434 epist.
1552 392 1583 425 V
1600 399 1693 436 Iud).

1375 449 1547 491 tergum:
1575 449 1645 483 nisi
1674 450 1857 494 epistulae
1894 455 2038 495 tergum
2073 453 2232 487 madidis
2258 454 2446 489 sordidare

1421 505 1574 538 calamis
1602 506 1897 542 ei·ul›eseer‹.=inus
1924 510 2037 546 :32:27.

1376 561 1684 597 t‹.¹1·rieulaiuent·.t
1711 564 1963 608 prodigiorum
1994 568 2125 603 10:314.

1630 622 1670 654 at
1696 620 1787 655 tuba
1813 622 1992 656 terrisono
2019 625 2179 668 strepuit
2196 637 2308 669 grave
2335 638 2443 660 rauea

1420 677 1567 720 fragore
1593 679 1630 711 C.
1660 678 1688 710 V
1703 679 1771 712 408
1803 680 1862 720 (ef.
1889 680 2079 714 (flnmlian.
2117 681 2157 715 de
2189 693 2281 717 cons.
2313 684 2443 718 milich.

1425 733 1445 766 l
1459 740 1542 777 um).

1375 790 1630 826 territorium:
1658 791 1803 826 facilius
1854 793 2082 828 territorium
2133 796 2257 839 potuit
2310 797 2444 832 habere

1420 859 1531 891 quani
1560 851 1695 883 terram
1725 851 1840 890 1:3,18;
1874 850 2101 885 territorium
2131 854 2333 887 Arvernum
2362 867 2442 888 eum

1420 905 1671 949 praeterirent
1699 908 1835 947 15621.

1375 964 1537 998 tessera:
1564 975 1656 1007 quos
1693 963 1865 999 bellicum
1907 965 2155 1011 militarisque
2190 969 2261 1001 tess-

1421 1021 1556 1059 13:3,14.

1373 1078 1504 1121 tesqua
1532 1077 1723 1124 inhospita
1749 1082 1786 1114 C.
1815 1080 1897 1115 XVI
1914 1082 1969 1116 91.

1373 1135 1612 1178 tetragonum
1641 1137 1753 1177 1425.

1373 1192 1561 1226 tetrarcha
1587 1194 1678 1234 822.

1373 1249 1578 1284 textrinum
1605 1250 1641 1285 C.
1670 1251 1736 1287 XV
1755 1253 1829 1287 126.
1860 1253 1962 1287 XXll
1981 1254 2056 1288 193.

1372 1306 1506 1341 Thales
1533 1309 1569 1342 C.
1598 1308 1663 1342 XV
1677 1309 1733 1344 44.
1761 1310 1820 1350 79;
1845 1313 1970 1344 contra
1996 1310 2131 1345 'Ph-[iles
2158 1312 2194 1345 (J.
2222 1311 2346 1347 11157.

1372 1364 1717 1400 t11ecatus2aremn
1756 1366 1852 1402 sicut
1889 1368 2031 1412 puerile
2072 1371 2266 1414 computat
2299 1371 2445 1414 gestare

1418 1422 1609 1457 thecatum
1635 1423 1725 1464 3‚17.

1370 1479 1524 1514 thema:
1550 1480 1686 1524 quibus
1712 1481 1877 1516 themate
1904 1482 2031 1517 oblato
2058 1484 2162 1528 quasi
2183 1484 2446 1529 sanguinariae

1417 1537 1616 1582 geniturae
1643 1538 1791 1573 schema
1816 1539 2000 1583 patuisset
2027 1541 2136 1581 1424.
2164 1562 2207 1566 —
2235 1542 2319 1576 huic
2345 1554 2443 1577 eram

1417 1595 1576 1630 themati
1602 1595 1847 1630 incubaturus
1877 1598 1977 1639 16‚13
2001 1598 2045 1639 cs'.
2072 1599 2161 1639 732.
2181 1600 2222 1633 16
2247 1600 2294 1634 al.

1371 1651 1504 1686 theta:
1531 1652 1595 1696 qui
1622 1652 1724 1687 valet
1750 1653 1959 1688 exarationi
1991 1653 2209 1689 destrictum
2235 1656 2353 1691 bonus
2379 1669 2442 1703 ap-

1416 1709 1558 1754 plicare
1583 1710 1690 1745 theta
1715 1710 1752 1745 C.
1780 1710 1828 1745 IX
1842 1711 1921 1746 335.

1371 1767 1535 1811 thymele
1563 1768 1628 1803 165
1646 1779 1679 1803 V.
1698 1768 1753 1803 69.

1370 1825 1511 1860 tiaras:
1539 1825 1737 1870 positoque
1761 1825 1799 1860 t1
1795 1838 1843 1860 u
1837 1837 1859 1860 ι
1884 1826 2013 1860 sannen.
2038 1828 2091 1861 Cr·
2086 1839 2125 1861 is
2121 1839 2251 1862 solum
2278 1829 2381 1864 flevit
2406 1833 2444 1865 C.

1418 1883 1486 1917 VII
1505 1884 1567 1923 99;
1603 1883 1775 1918 lunatum
1808 1882 1878 1917 tibi
1907 1884 2073 1919 flecteret
2106 1885 2240 1920 tiaram
2268 1886 2305 1922 C.
2322 1887 2443 1922 XXIII

1414 1940 1493 1975 254.
1527 1960 1569 1965 -
1604 1941 1795 1976 tiaratus:
1828 1940 1927 1975 inter
1958 1943 2127 1987 satrapas
2160 1954 2222 1989 reg³
2213 1955 2290 1977 rum
2329 1944 2444 1979 tiara-

1415 2000 1538 2033 torum
1567 1999 1703 2041 128,18.

1369 2055 1514 2091 tibialis
1540 2067 1632 2091 aura
1659 2057 1725 2092 165
1745 2068 1774 2091 v.
1793 2057 1849 2091 81.

1368 2114 1524 2149 Τῑοίῐιιιε
1550 2114 1588 2149 C.
1615 2114 1777 2149 V11552.

1364 2171 1513 2217 tigrifer
1539 2172 1724 2217 Niphates
1749 2172 1787 2207 C.
1814 2172 1940 2206 11444.

2266 980 2327 1002 era
2358 969 2443 1003 terit

1409 2287 1558 2322 bulatos
1587 2287 1631 2331 Τ)
1656 2288 1770 2329 2523.

1363 2344 1497 2379 titulus
1522 2346 1611 2386 5,12.
1638 2346 1751 2381 3624.
1782 2346 1915 2386 131,18.

1362 2403 1503 2438 tofosus
1528 2404 1606 2444 50,1
1633 2404 1679 2446 cf.
1707 2404 1806 2438 tofus
1833 2404 1869 2438 C.
1896 2403 2001 2438 XXII
2020 2406 2098 2439 226.

1364 2468 1516 2511 togatus
1536 2480 1543 2501 z
1569 2467 1682 2508 3620.
1709 2467 1812 2507 9628
1837 2468 1881 2509 ef.
1910 2468 1975 2503 165
1994 2479 2025 2501 v.
2044 2468 2120 2503 106.

1361 2533 1499 2574 torques
1521 2531 1709 2565 castrensis
1735 2532 1772 2566 C.
1800 2531 1962 2565 V1157s.

1361 2594 1471 2629 torris
1498 2595 1612 2636 4929.

1323 2686 1325 2704 e
1360 2660 1490 2693 torus:
1517 2669 1674 2703 quorum
1699 2658 1805 2703 ripae
1831 2657 1978 2702 torique
2003 2658 2140 2702 passim
2162 2658 2312 2703 quernis
2338 2670 2437 2693 acer-

1406 2715 1538 2761 nisque
1563 2715 1776 2751 nemoribus
1802 2715 2059 2750 vestiebantur
2084 2715 2175 2758 626.

1360 2779 1432 2814 toti
1450 2795 1493 2808 =
1510 2790 1626 2814 omnes
1641 2792 1648 2814 :
1668 2779 1838 2824 plerique
1860 2778 2068 2814 laudabant
2086 2778 2301 2814 facundiam
2321 2782 2436 2821 tuam,

1405 2837 1556 2882 plurimi
1583 2836 1794 2882 ingenium,
1826 2836 1897 2871 toti
1922 2836 2101 2882 pudorem
2127 2837 2228 2880 1682
2259 2838 2305 2879 cf.
2327 2838 2436 2879 1422.

1403 2895 1507 2937 4024
1530 2895 1629 2939 (bis).
1656 2895 1768 2936 6628.
1801 2894 1891 2935 79,3.
1928 2894 2062 2935 113,10.
2099 2895 2210 2936 115,8.
2238 2895 2372 2937 15320.
2399 2896 2436 2931 C.

1404 2952 1437 2986 X
1453 2953 1506 2987 19.
1524 2973 1568 2977 —
1585 2953 1661 2987 sim.
1688 2952 1745 2986 vir
1771 2954 1827 2986 est
1852 2963 2013 2996 namque
2032 2951 2148 2986 totius
2171 2953 2436 2998 popularitatis

1403 3009 1548 3045 alienus
1580 3011 1721 3051 116,22;
1754 3010 1798 3052 ef.
1825 3009 2005 3051 IVoelfflin
2039 3009 2080 3043 in
2113 3010 2256 3044 ‘Archiv
2280 3011 2344 3053 fiir
2375 3011 2433 3044 lat.

1404 3066 1603 3112 Leoeikoqr!
1632 3068 1692 3102 rol.
1707 3067 1783 3102 III.
1807 3078 1841 3111 p.
1861 3072 1935 3102 470.

1359 3130 1418 3175 [ex
1443 3132 1524 3166 toto
1551 3131 1589 3167 F.
1614 3131 1750 3171 266,19.
1778 3131 1816 3165 L.
1843 3129 1994 3174 290‚21].

1357 3193 1536 3229 trabealis
1562 3194 1599 3230 C.
1625 3195 1694 3229 II2
1719 3194 1764 3237 cf.
1791 3194 1984 3230 trabeatus
2010 3195 2076 3236 9,6.
2105 3193 2217 3234 131‚3.

1355 3259 1539 3293 tractator
1563 3258 1677 3299 3123.
1703 3259 1747 3293 63
1767 3270 1799 3294 v.
1818 3259 1849 3293 9.

1355 3321 1642 3356 tractatorium:
1668 3321 1701 3356 it
1725 3320 1765 3355 in
1795 3320 2053 3356 tractatorium
2081 3320 2255 3363 frequens
2281 3322 2432 3355 senatus

1403 3379 1516 3419 1125.

1354 3442 1497 3476 tractus
1526 3455 1534 3476 z
1568 3442 1660 3486 quin
1706 3443 1744 3477 et
1791 3440 2025 3476 Aremoricus
2067 3439 2229 3484 piratam
2282 3439 2430 3475 Saxona

1401 3500 1542 3533 tractus
1570 3501 1628 3542 (=
1653 3499 1760 3544 reqio)
1788 3498 1963 3544 sperabat
1987 3497 2025 3532 C.
2052 3496 2216 3550 VII-370.

1353 3561 1545 3597 traharius
1571 3563 1660 3604 95,5.

1353 3625 1600 3660 transcribere
1627 3626 1684 3669 (=
1701 3624 1855 3659 decedere
1869 3623 1911 3658 cle
1923 3622 2157 3668 possessiorw)
2177 3635 2184 3657 :
2211 3623 2428 3669 transcripsi

1399 3682 1564 3718 Cilicas:
1605 3683 1672 3718 hos
1709 3682 1870 3727 Magnus
1906 3680 2054 3715 fuderat
2087 3679 2176 3715 olim
2217 3679 2254 3715 C.
2289 3680 2324 3714 II
2341 3681 2424 3721 462;

1401 3739 1460 3784 [ef.
1486 3740 1526 3775 F.
1552 3739 1703 3783 265.12].

2104 3840 2147 3874 61
