2583 4011
1128 194 1400 229 MOMMSENI.
2328 207 2366 237 L!

161 323 271 365 quae
313 307 365 349 ad
404 311 600 363 tempora
638 308 845 363 locosque
884 307 1153 350 definiendos
1186 311 1407 364 pertinent
1440 326 1493 352 ex
1527 312 1757 353 verborum
1791 316 1993 369 ampullis
2027 319 2252 359 enucleata
2283 333 2367 359 uno

161 379 313 421 obtutu
335 390 619 433 componere,
659 382 706 418 ut
745 391 828 432 quo
867 382 1064 433 tempore
1108 378 1307 431 singulae
1352 380 1567 434 epistulae
1608 382 1795 436 scriptae
1838 384 1919 423 sint
1960 386 2024 425 vel
2065 387 2167 427 editi
2208 387 2365 442 singuli

158 448 316 499 libelli,
354 446 397 488 id
430 445 543 502 quod
576 446 619 487 in
653 461 722 489 res
756 450 904 501 gestas
937 447 1170 502 inquirenti
1208 449 1385 489 maximi
1419 450 1625 490 momenti
1668 455 1750 494 est,
1796 452 1963 492 fau-ilius
2003 454 2365 509 ‹leprehcudatur.

157 514 424 557 Rettulimus
463 515 664 557 similiter
705 530 815 571 quae
856 517 1048 557 carmina
1090 516 1253 558 habent
1295 518 1453 559 aetatis
1491 532 1595 559 suae
1638 519 1795 560 indicia
1831 520 1883 561 ad
1924 524 2129 578 temporis
2173 523 2365 565 ordinem

157 588 369 640 quatenus
401 583 494 626 fieri
526 585 665 640 potuit
696 584 881 640 digesta.

158 653 375 695 Carmina.

216 720 262 764 C.
285 721 372 763 VII
394 722 686 778 panegyricus
709 722 849 764 dictus
872 722 1000 764 Avito
1023 723 1225 778 Augusto
1249 738 1287 766 a.
1312 727 1393 764 456
1419 725 1459 766 k.
1483 725 1571 766 Ian.
1597 726 1761 768 Romae
1787 741 1881 767 cum
1908 729 2178 782 praefatione
2203 731 2269 778 ((“.
2286 732 2365 783 vl)

329 796 372 834 et
404 792 700 848 propemptico
734 790 801 844 (C.
825 787 979 845 V111)*;
1012 806 1110 833 nam
1145 793 1223 834 hoc
1257 807 1427 848 quoque
1461 795 1667 849 scriptum
1702 801 1768 836 est
1792 796 1988 848 prim-ipe
2020 798 2156 839 Avito.

213 861 325 904 O.V
357 862 647 918 panegyricus
692 861 834 903 dictus
880 861 1116 903 Maioriano
1164 863 1365 917 Augusto
1414 864 1614 917 Lugduni
1661 879 1697 906 a.
1729 866 1809 905 458
1855 872 2046 907 exeunte
2093 882 2187 908 vum
2239 884 2363 924 prae-

326 932 488 973 fatione
522 931 590 986 (C.
614 931 716 985 IV).
773 931 878 972 Eius
920 932 1040 977 anni.
1083 946 1166 987 quo
1201 932 1466 973 Maiorianus
1506 934 1777 974 consulatum
1811 935 1966 987 gessit,
2005 950 2099 977 cum
2141 944 2290 979 extent
2327 941 2364 980 in

327 1015 507 1057 corpore
530 1001 675 1056 legum
699 1001 966 1042 novellarum
995 1002 1327 1043 constitutiones
1351 1001 1479 1043 datae
1504 1002 1542 1045 d.
1566 1003 1657 1044 lan.
1683 1006 1723 1043 11
1754 1004 1828 1058 (Ι),
1864 1005 1987 1046 Mart.
2015 1010 2061 1047 lo
2087 1008 2186 1061 (ll),
2222 1008 2321 1052 Mai.
2341 1015 2364 1045 s

327 1071 450 1125 (ΙΙΙ),
484 1071 562 1112 Iul.
591 1073 630 1111 ll
669 1070 783 1124 (IV).
819 1070 936 1126 Sept.
957 1073 980 1110 4
996 1070 1089 1124 (V),
1125 1070 1220 1113 Oct..
1245 1073 1297 1111 26
1318 1060 1438 1126 (VI).
1473 1071 1579 1112 Nov.
1605 1075 1629 1112 6
1655 1072 1780 1128 (Vll)
1813 1089 1959 1115 omnes
1985 1075 2234 1120 Ravennae.
2268 1080 2365 1119 finni

327 1140 550 1195 sequentis
575 1142 657 1180 459
681 1153 766 1180 una
789 1139 889 1180 data
907 1138 1077 1194 Apum
1102 1140 1282 1181 Arelate
1303 1141 1421 1196 (lx),
1446 1145 1641 1182 extremo
1667 1143 1839 1184 (lenium
1863 1159 1974 1186 anno
1995 1148 2076 1187 455
2102 1146 2366 1188 Maiorianus

324 1210 585 1266 Lugdunum
619 1210 869 1266 pervenerit
901 1224 1082 1251 necesse
1116 1215 1196 1253 cst.

212 1279 258 1322 C.
283 1279 396 1321 XIII
429 1279 484 1321 ad
507 1279 796 1321 Maiorianum
819 1279 1066 1334 Augustum
1092 1279 1264 1322 videtur
1287 1281 1493 1336 scriptum
1517 1296 1615 1323 csse
1639 1282 1792 1324 eodem
1822 1298 1858 1325 a.
1884 1285 1981 1335 458,
2015 1288 2132 1325 certe
2162 1284 2365 1339 scriptum

327 1355 394 1391 est
425 1353 526 1391 ante
559 1364 584 1391 a
617 1351 693 1390 461
733 1354 983 1391 exeuntem.

211 1418 258 1462 O.
280 1418 440 1460 XXIII
471 1419 583 1460 inter
616 1433 653 1460 a.
677 1420 755 1459 461
793 1422 836 1460 et
859 1420 957 1469 466,
990 1419 1198 1474 scriptum
1233 1421 1400 1462 scilicet
1430 1425 1657 1476 postquam
1681 1421 1828 1463 Narbo
1862 1423 1999 1464 factus
2033 1428 2100 1463 est
2123 1422 2361 1464 Gothorum

324 1503 362 1532 a.
385 1491 461 1530 461
501 1493 545 1531 et
577 1489 674 1530 vivo
708 1488 978 1530 Theoderico
1012 1489 1056 1530 II
1087 1490 1160 1545 qui
1193 1490 1297 1531 obiit
1329 1505 1366 1532 a.
1386 1494 1481 1533 466.

210 1557 257 1601 O.
283 1558 361 1600 IX.
383 1559 537 1600 XXIV
568 1559 866 1615 propcmptica
898 1558 1032 1600 libelli
1065 1560 1301 1601 carminum
1335 1560 1389 1602 ad
1418 1560 1624 1616 Magnum
1650 1561 1842 1602 Felicem
1877 1561 2039 1616 scripta
2072 1561 2183 1602 inter
2215 1575 2251 1603 a.
2271 1564 2365 1604 161.

325 1642 421 1669 cum
453 1628 645 1670 carmina
677 1642 727 1669 eo
759 1627 907 1671 libello
939 1629 1256 1684 comprehensa
1288 1630 1339 1671 ad
1375 1644 1472 1672 eum
1507 1635 1625 1671 certe
1650 1645 1808 1671 annum
1842 1631 2109 1686 perveniant.
2144 1636 2187 1671 et
2210 1645 2247 1672 a.
2270 1633 2364 1671 468.

323 1711 407 1753 quo
439 1698 569 1739 finem
601 1697 707 1740 fecit
739 1699 978 1741 carminum
1012 1701 1440 1745 conscribendorum.

208 1766 255 1809 O.
277 1767 321 1808 II
352 1768 644 1823 panegyricus
683 1767 826 1810 dictus
869 1769 1102 1811 Anthemio
1143 1771 1340 1827 Augusto
1373 1787 1409 1814 a.
1436 1774 1518 1814 468
1561 1771 1729 1812 Romae
1764 1772 1804 1812 k.
1835 1771 1925 1812 Ian.
1966 1786 2060 1812 cum
2097 1771 2364 1826 praefatimn·

322 1836 390 1892 (C.
414 1837 455 1892 Ι)
490 1841 534 1878 et
564 1838 867 1893 propemptico
903 1838 970 1893 (O.
994 1838 1097 1894 III).

208 1905 253 1948 O.
274 1905 340 1947 XI
372 1906 701 1962 epithalamium
723 1906 900 1950 Ruricio
933 1912 976 1949 ct
997 1908 1210 1951 Hiberiae
1243 1909 1403 1951 dictum
1439 1924 1534 1951 cum

319 1975 592 2032 praefatione
626 1976 693 2032 (C.
718 1976 778 2032 X)

206 2044 254 2088 O.
274 2044 366 2086 XII
399 2045 453 2086 ad
487 2044 755 2087 Catullinum

205 2114 253 2158 O.
275 2115 361 2156 XV
393 2115 722 2171 epithalamium
760 2116 956 2158 Polemio
1001 2121 1044 2158 ct
1083 2117 1333 2159 Araneolae
1371 2118 1531 2159 dictum

321 2198 417 2225 cum
451 2184 639 2240 epistula
672 2184 934 2227 dedicatoria
965 2185 1030 2238 (O.
1056 2186 1181 2242 XIV)

207 2252 254 2296 C.
278 2252 388 2294 XVI
421 2253 742 2295 eucharisticon
775 2254 829 2295 ad
861 2254 1072 2296 Faustum

205 2322 252 2365 O.
276 2322 408 2364 XVII
440 2337 518 2365 scr.
552 2323 666 2379 apud
698 2323 920 2365 Arvernos
955 2324 1006 2379 (v.
1041 2324 1303 2381 Ommatius)

205 2390 252 2432 C.
274 2391 601 2433 XVIII—XXI
634 2393 824 2435 carmina
856 2394 1020 2435 minora

205 2460 253 2502 O.
275 2460 411 2502 XXII
442 2461 615 2517 Burgus
657 2462 803 2504 Pontii
842 2463 1014 2505 Leontii
1056 2479 1151 2505 cum
1186 2465 1374 2520 epistula.
1407 2465 1529 2506 (ledi-

318 2530 495 2572 catoria.
560 2530 650 2573 Ser.
683 2531 890 2575 Narbone
924 2534 1041 2588 (243,
1070 2532 1109 2588 1)

145 2599 444 2655 Epistularum
475 2601 503 2642 l.
526 2600 547 2641 I
580 2600 722 2642 editus
756 2615 790 2644 c.
815 2616 850 2642 a.
873 2604 968 2651 469,
1003 2603 1188 2659 scriptus
1220 2603 1387 2644 Romae
1421 2607 1496 2644 aut
1528 2608 1643 2645 totus
1677 2607 1750 2644 aut
1783 2608 1899 2644 certe
1931 2617 1985 2643 ex
2011 2606 2132 2658 parte
2158 2602 2359 2642 maxima.

204 2683 271 2725 ep.
315 2673 330 2709 1
369 2684 450 2711 scr.
482 2675 582 2725 post
612 2670 803 2726 reliquas
836 2672 1122 2727 praefationis
1155 2673 1261 2715 loco.

204 2753 271 2794 ep.
305 2740 330 2779 2
364 2754 445 2782 scr.
479 2744 580 2781 ante
615 2754 652 2781 a.
679 2742 761 2781 466
794 2741 892 2782 vivo
923 2741 1197 2783 Theoderico
1230 2741 1288 2785 II.

204 2823 272 2864 ep.
311 2810 335 2849 3
1004 2812 1017 2864 l

204 2892 270 2934 ep.
311 2880 335 2917 4
371 2892 451 2920 scr.
485 2882 609 2920 extra
639 2879 824 2935 patriam
853 2879 912 2935 (6,
932 2881 975 2933 3)
1003 2870 1019 2925 I

203 2960 269 3003 ep.
306 2949 330 2987 5
365 2961 446 2988 scr.
476 2947 644 2990 Romae
677 2948 736 3003 (6,
755 2949 798 3004 5)
831 2963 868 2990 a..
888 2951 970 2990 467
1004 2947 1147 3004 (nubit
1168 2949 1375 2991 Ricimeri
1409 2949 1498 2990 filia
1521 2950 1622 3004 imp.
1647 2947 1889 2999 Anthemii;
1923 2946 2185 2987 Anthemius
2210 2947 2358 2987 consul

318 3016 606 3072 designatus).

203 3098 270 3141 ep.
306 3088 331 3126 6
366 3100 447 3128 scr.
480 3086 524 3127 in
556 3087 713 3129 itinere
745 3087 931 3129 Romam
965 3089 1021 3140 (8,
1042 3087 1130 3143 25).

204 3169 271 3211 ep.
312 3157 334 3195 7
370 3169 451 3196 scr.
485 3160 611 3197 extra
641 3156 828 3198 Romam
859 3161 906 3197 ut
938 3157 1109 3198 videtur
1141 3155 1228 3211 (11,
1254 3158 1318 3196 16.
1358 3158 1420 3205 12,
1442 3156 1514 3209 27)
1549 3169 1584 3196 c.
1618 3168 1654 3195 a.
1680 3156 1761 3195 469
1795 3152 1852 3207 (V.
1885 3152 2150 3206 Arvandus).

203 3239 272 3280 ep.
311 3226 335 3265 8
369 3239 450 3267 scr.
483 3224 653 3267 Romae
688 3225 773 3280 (13,
796 3226 854 3281 5).

201 3307 269 3348 ep.
306 3295 331 3333 9
363 3307 444 3337 scr.
475 3294 644 3336 Romae
676 3309 715 3337 a.
738 3297 823 3336 467
856 3299 1046 3336 exeunte
1080 3294 1407 3350 (argumentum
1441 3293 1555 3334 idem
1590 3296 1721 3347 atque
1755 3306 1823 3347 cp.
1840 3292 1897 3345 4).

201 3364 333 3417 ep.1O
367 3377 449 3406 scr.
481 3363 654 3406 Romae
688 3364 775 3418 (15,
795 3365 882 3420 25).

143 3429 441 3486 Epistularum
473 3433 500 3475 1.
522 3432 568 3474 II
600 3433 742 3475 editus
776 3448 811 3475 e.
844 3448 881 3475 a.
910 3435 1006 3475 472.

204 3514 272 3556 ep.
310 3504 327 3542 1
364 3502 526 3558 scripta
557 3506 623 3544 est
654 3503 897 3559 imperante
920 3503 1154 3544 Anthemio
1178 3501 1234 3557 (a.
1259 3500 1521 3556 467—472),
1554 3499 1631 3542 sed
1663 3500 1737 3541 vix
1769 3498 1836 3540 edi
1868 3499 2006 3554 potuit
2038 3502 2138 3539 ante
2172 3502 2352 3537 mortem

316 3571 424 3625 eius,
448 3586 544 3613 cum
562 3572 910 3628 reprehendatur
933 3572 1021 3627 (22,
1038 3573 1096 3627 6),
1118 3585 1197 3613 nee
1219 3571 1355 3625 magis
1380 3574 1481 3611 ante
1501 3569 1818 3611 damnationem
1842 3568 2053 3619 Seronati,
2078 3581 2186 3623 quae
2211 3568 2355 3608 evenit

315 3645 414 3696 post
445 3642 653 3698 scriptam
687 3642 923 3698 epistulam
956 3641 1023 3683 XI
1054 3641 1152 3682 libri
1184 3641 1335 3696 quinti,
1368 3644 1468 3682 ante
1502 3639 1707 3695 scriptam
1740 3652 1806 3693 ep.
1827 3637 1915 3679 VII
1948 3638 2043 3678 libri
2077 3637 2264 3693 septimi.

203 3722 270 3766 ep.
309 3711 334 3752 9
365 3710 448 3752 iter
477 3711 583 3753 facit
612 3710 895 3755 Nemausum.

1606 2153 1767 2208 scripta,
1790 2153 1931 2193 omnia
1954 2156 2053 2193 ante
2078 2167 2115 2192 a.
2145 2152 2231 2194 lssS.
2266 2165 2361 2205 quo.

1605 2227 1653 2262 ut
1676 2237 1807 2277 supra
1825 2221 2025 2269 diximus,
2045 2221 2232 2261 carmina
2257 2235 2360 2275 pan-

1553 2250 1567 2563 Ι
1605 2305 1708 2345 gere
1741 2291 1883 2331 desiit.

1047 2846 1100 2887 de
1135 2846 1289 2888 eadem
1322 2860 1367 2887 re
1401 2851 1546 2901 agunt.

2028 3797 2080 3842 g'k
