2583 4011
142 199 223 238 268
830 190 1003 225 musri
1029 189 1349 232 ALIORUMQUE
1375 189 1650 225 EPISTULAE.

80 317 122 362 G
144 312 314 354 Christo
346 311 388 351 in
421 324 466 351 se
496 313 725 365 operante,
768 311 977 357 mutetur,
1015 310 1062 347 ut
1098 307 1220 347 novis
1254 320 1425 362 semper
1465 306 1614 361 gratiis
1656 305 1879 358 induatur,
1925 306 1969 347 in
2011 319 2115 360 agro
2152 305 2339 361 pectoris

78 384 125 422 10
142 382 393 437 plantentur
423 379 565 420 utilia.
605 378 737 419 noxia
770 376 1060 419 succidantur.
1122 380 1164 417 et
1196 376 1295 431 quia
1334 375 1539 416 militibus
1580 375 1667 416 suis
1705 374 1930 430 praecepit
1967 388 2108 416 sermo
2150 375 2338 416 divinus:

142 463 271 490 cum.
322 448 477 502 inquit.
532 447 596 487 ad
643 446 845 487 bellum
893 445 1225 500 processeris
1276 449 1327 485 et
1372 445 1512 485 inter
1556 444 1788 498 reliquas
1834 443 2062 499 praedas
2108 444 2339 499 petieris

142 519 418 573 virginem.
474 515 730 557 abscides
784 528 986 567 ungues
1037 518 1089 554 ct
1135 514 1310 555 crines
1358 513 1473 554 eius
1521 516 1574 553 et
1630 513 1710 553 ita
1763 526 1876 553 eam
1931 512 2034 553 tibi
2091 513 2338 567 coniugio

142 586 444 642 copulabis,
489 586 548 626 ita
580 600 675 627 nos.
715 589 761 624 ut
794 587 988 623 sanctam
1022 581 1180 623 Christi
1219 583 1373 623 timore
1406 581 1643 637 praecincti
1683 581 1957 637 prudentiam
1999 582 2185 634 saeculi,
2228 596 2339 637 quae
2396 591 2410 614 5

146 656 349 710 simplex.
384 655 648 710 incorrupta,
683 654 850 693 sincera
882 666 907 692 a
939 650 1018 692 deo
1051 651 1167 691 facta
1199 655 1283 698 est,
1325 650 1539 705 captivam
1574 649 1757 704 spiritali
1790 650 2028 705 sapientiae
2063 650 2344 705 subiugemus

142 738 190 764 ac
215 724 430 779 superflua
453 724 557 764 eius.
591 721 824 777 amputatis
847 721 975 764 vitiis.
1008 719 1278 760 abscidamus
1300 724 1342 759 ct
1364 718 1529 774 pectori
1552 722 1714 759 castam
1739 720 2086 761 coniunctionem
2110 721 2337 774 sociemus,

144 798 244 834 ante
278 793 444 834 omnia.
488 793 530 832 in
563 797 788 846 quantum.
822 789 1053 830 adiuvante
1087 788 1190 829 dec.
1223 801 1473 843 possumus,
1506 787 1603 828 illas
1636 787 1680 827 in
1712 787 1834 829 nobis
1868 788 2086 830 debellare
2120 803 2343 831 curremus

82 866 90 902 l
111 865 119 901 1
144 863 329 917 quinque
364 875 566 902 sensuum
599 861 840 915 passiones.
891 857 1093 913 quicquid
1118 858 1231 898 enim
1256 856 1520 912 pulchrescit
1540 857 1650 909 visu,
1684 857 1885 913 quicquid
1908 858 2128 900 blanditur
2150 859 2343 912 odoratu,

145 931 345 985 quicquid
378 931 649 971 lenocinatur
680 932 856 969 attactil.
891 926 1092 982 quicquid
1125 926 1334 966 dulcescit
1366 929 1510 980 gustu.
1544 926 1747 981 quicquid
1780 928 2015 983 corrumpit
2037 928 2198 980 auditu,
2231 928 2341 969 haec

84 1001 305 1040 1201111110.
347 1001 380 1040 si
419 1000 483 1039 his
523 999 763 1039 abutamur.
808 996 1090 1037 intentionem
1123 995 1279 1036 mentis
1313 994 1366 1035 de
1400 995 1666 1050 spiritalibus
1700 996 1752 1036 ad
1785 1000 1961 1037 terrena
1992 996 2240 1039 devolvunt.
2301 1001 2345 1037 et

144 1069 258 1110 ideo.
304 1070 415 1109 sicut
455 1073 579 1123 pater
610 1067 709 1107 fidei
745 1067 932 1121 quinque
964 1065 1063 1105 illos
1095 1078 1221 1119 reges
1254 1065 1297 1104 in
1329 1064 1537 1105 trecentis
1571 1063 1723 1105 decem
1757 1068 1799 1105 et
1834 1069 1952 1115 octo,
1993 1065 2200 1120 mysterio
2234 1065 2346 1106 intra

144 1139 332 1178 litteram
366 1138 548 1183 latente,
591 1135 770 1183 devicit,
814 1135 874 1174 ita
906 1148 982 1189 per
1014 1133 1275 1174 adiutorium
1308 1132 1468 1174 domini
1502 1138 1544 1174 et
1575 1147 1654 1188 per
1687 1147 1858 1175 crucem
1891 1148 2011 1175 suam
2045 1134 2122 1175 has
2156 1135 2344 1190 quinque

143 1207 444 1264 principalium
472 1207 671 1247 vitiorum
705 1219 955 1260 expugnare
990 1204 1240 1245 studeamus
1273 1204 1533 1245 inlecebras.
1585 1217 1663 1257 per
1695 1203 1832 1244 crucis
1864 1203 1977 1244 enim
2011 1204 2178 1258 signum
2204 1207 2247 1245 et
2268 1218 2347 1260 per

85 1278 128 1317 13
145 1291 313 1317 sacrum
337 1276 439 1316 lesu
463 1289 618 1316 nomen
642 1274 754 1329 apud
779 1273 970 1315 Graecos
995 1287 1069 1314 era
1091 1274 1316 1328 utriusque
1350 1272 1669 1328 supputationis
1700 1272 1973 1327 imprimitur.
2023 1273 2179 1328 quibus
2212 1273 2342 1314 armis

145 1346 334 1386 carnalia
354 1345 670 1386 delectamenta
695 1349 950 1399 superantes
974 1343 1258 1384 merebuntur
1279 1342 1446 1384 audire:
1479 1343 1721 1383 vincenti
1753 1341 1883 1383 dabo
1916 1355 2154 1382 coronam
2185 1341 2345 1393 vitae,

85 1418 208 1456 llet:
244 1416 330 1470 qui
364 1415 559 1455 vicerit
591 1428 694 1454 non
727 1412 973 1454 laedetur
1005 1427 1029 1453 a
1060 1416 1225 1453 morte
1261 1411 1507 1453 secunda.
1559 1411 1673 1452 unde
1696 1411 1792 1466 ipsa
1814 1411 1942 1452 facile
1966 1415 2139 1452 terrena
2161 1410 2347 1465 despicis

146 1484 214 1525 vel
247 1484 483 1525 fenerantis
518 1497 636 1525 more
669 1483 922 1538 dispensas,
967 1483 1067 1523 dum
1105 1482 1210 1523 illud
1250 1482 1415 1536 cogitas
1457 1485 1653 1536 tempus,
1700 1494 1782 1535 quo
1825 1483 2063 1521 exurentur
2093 1483 2349 1535 peccatores

147 1555 256 1594 sicut
287 1553 481 1593 faenum.
525 1566 606 1607 quo
640 1556 888 1592 aestuantes
922 1551 1146 1606 gehennae
1178 1551 1323 1592 furore
1356 1554 1588 1606 perpetuo,
1634 1550 1754 1590 cuius
1792 1549 1969 1590 fumus
2002 1547 2265 1589 ascendit
2296 1547 2352 1588 in

148 1623 355 1664 saecula
399 1622 759 1665 saeculorum.
801 1621 844 1661 hi
885 1621 957 1676 qui
996 1621 1286 1675 neglexerunt
1323 1620 1468 1661 oblata
1504 1620 1582 1660 tali
1614 1622 1750 1659 morte
1782 1618 2027 1674 punientur.
2067 1621 2114 1657 ut
2145 1617 2206 1657 eis
2238 1617 2346 1658 mori

147 1693 188 1732 in
222 1691 370 1731 dolore
404 1705 487 1731 non
527 1692 674 1732 liceat.
722 1690 918 1731 morituri
950 1690 1063 1730 vitae
1104 1695 1147 1730 et
1191 1689 1316 1729 morti
1359 1689 1450 1730 sine
1494 1688 1579 1729 fine
1620 1688 1795 1729 victuri.
1841 1687 1941 1727 dum
1988 1686 2113 1738 illud,
2160 1687 2349 1741 inquam,

147 1768 317 1816 tempus
351 1766 451 1801 ante
485 1761 631 1801 oculos
665 1764 759 1800 tuos
792 1759 973 1814 provida
1007 1760 1050 1799 in
1073 1759 1262 1799 futurum
1296 1762 1439 1799 mente
1464 1757 1673 1813 disponiS,
1707 1757 1758 1798 de
1781 1770 1863 1811 quo
1885 1756 2086 1811 legimus:
2120 1755 2350 1797 introibo

148 1831 199 1870 in
237 1829 438 1870 domum
482 1837 620 1869 tuam
662 1843 775 1869 cum
817 1828 1169 1871 holocaustis.
1211 1827 1253 1868 id
1286 1832 1371 1872 est.
1415 1827 1584 1882 quando
1618 1827 1828 1867 bonorum
1861 1839 2039 1881 operum
2071 1825 2213 1865 fructu
2246 1825 2349 1866 sub-

151 1899 392 1940 sarcinatus
433 1904 475 1939 et
517 1899 705 1939 iustitiae
748 1898 988 1952 insignibus
1019 1897 1244 1938 redimitus
1276 1897 1449 1937 ianuam
1481 1897 1598 1937 vitae
1633 1910 1730 1936 cum
1762 1895 1979 1950 triumpho
2014 1894 2181 1936 evictae
2214 1895 2352 1935 carnis

88 1968 351 2009 lbintrabis.
403 1968 454 2009 de
505 1982 588 2022 quo
638 1968 838 2022 legimus:
889 1967 1183 2008 adorabunt
1227 1981 1343 2007 eum
1382 1966 1536 2006 filiae
1569 1965 1689 2021 Tyri
1733 1965 1785 2005 in
1827 1964 2150 2016 muneribus,
2198 1964 2240 2004 id
2283 1968 2349 2005 est

150 2038 319 2079 animae
363 2037 534 2078 Christo
580 2037 632 2078 de
672 2037 875 2092 gentibus
917 2036 1157 2091 adquisitae
1202 2049 1381 2076 munera
1420 2035 1591 2076 domino
1633 2048 1708 2075 suo
1754 2034 1936 2075 offerent
1980 2048 2075 2074 cum
2119 2033 2355 2088 gratiarum

152 2108 318 2148 actione
353 2107 563 2147 dicturae:
606 2121 708 2147 ecce
741 2106 1025 2161 multiplicavi
1057 2106 1270 2147 talentum
1305 2105 1417 2160 quod
1450 2104 1621 2146 dedisti.
1682 2104 1829 2159 recipe
1862 2117 1959 2144 cum
1989 2117 2133 2154 usura,
2167 2102 2354 2155 domine,

90 2178 133 2215 1ss
150 2177 274 2217 fenus
309 2182 441 2218 tuum.
504 2177 583 2217 erit
617 2176 729 2217 enim
762 2180 853 2216 tum
887 2175 1100 2230 quoddam
1135 2175 1265 2216 dandi
1298 2179 1342 2215 et
1373 2173 1614 2229 accipiendi
1648 2173 1951 2214 commercium
1995 2173 2107 2213 inter
2136 2171 2353 2213 hominem

90 2248 134 2285 Ιῖ
154 2251 195 2286 et
228 2245 368 2287 deum.
431 2245 558 2286 homo
602 2246 754 2286 afferet
787 2244 900 2299 quod
932 2244 1146 2285 laboravit
1179 2248 1221 2285 et
1253 2243 1357 2284 deus
1391 2244 1590 2285 restituet
1622 2242 1735 2298 quod
1766 2242 1976 2298 promisit.
2040 2256 2122 2296 quo
2156 2245 2352 2297 tempore

152 2329 245 2355 cum
280 2315 409 2356 Sarra
441 2320 515 2355 tua
548 2315 655 2356 alter
686 2328 763 2370 pro
797 2315 934 2355 altero
966 2313 1333 2365 remunerandus,
1376 2327 1536 2354 corona
1567 2312 1729 2368 duplici
1760 2326 1836 2367 pro
1868 2315 2017 2352 mutua
2049 2311 2188 2351 salute
2221 2310 2350 2351 deco-

152 2384 324 2435 randus,
359 2384 508 2425 audire
533 2384 789 2425 mereberis:
825 2398 979 2438 euge,
1015 2397 1162 2425 serve
1195 2383 1330 2424 bone
1365 2387 1413 2423 et
1445 2382 1652 2423 fidelis.
1686 2381 1803 2436 quia
1835 2394 1986 2436 super
2017 2393 2183 2434 pauca
2204 2379 2355 2420 fuisti

91 2453 353 2494 leidelis.
402 2468 555 2509 super
602 2453 767 2493 multa
813 2457 864 2492 te
906 2453 1245 2500 constitua1n;
1292 2453 1432 2492 intra
1474 2453 1522 2492 in
1566 2450 1810 2506 gaudium
1855 2449 2043 2490 domini
2087 2448 2180 2490 tui.
2253 2452 2355 2490 tunc

150 2537 274 2563 usum
308 2523 601 2578 praesentium
634 2523 675 2562 in
708 2527 980 2562 aeternorum
1012 2522 1324 2577 proprietatem
1358 2521 1563 2562 transisse
1595 2519 1845 2567 miraberis,
1879 2523 1922 2560 et
1958 2517 2240 2560 creditoribus
2271 2518 2355 2559 tuis

92 2591 478 2645 lssglorificandus.
525 2591 762 2632 debitorem
806 2595 848 2631 te
882 2590 948 2631 dei
990 2591 1083 2631 fieri
1126 2590 1313 2631 iucunda
1344 2604 1487 2631 rerum
1518 2589 1756 2630 mutatione
1789 2588 2014 2643 gaudebis
2084 2586 2351 2628 individuum

151 2661 287 2701 filium
318 2666 510 2701 nostrum
544 2661 773 2701 Leontium
806 2674 1061 2715 omnemque
1094 2659 1290 2709 domum,
1333 2659 1513 2714 pusillos
1547 2672 1643 2699 cum
1675 2658 1933 2709 maioribus,
1977 2657 2047 2712 pio
2083 2656 2344 2712 sospitamus

156 2730 312 2770 officio.
376 2730 570 2771 dominus
615 2729 721 2770 deus
762 2734 910 2770 noster
941 2730 1155 2770 beneficia
1187 2730 1228 2769 in
1264 2729 1388 2769 vobis
1423 2742 1500 2769 sua
1532 2727 1649 2769 felici
1682 2732 1724 2768 et
1756 2727 1915 2782 placita
1948 2726 2029 2767 sibi
2060 2725 2353 2780 longaevitate

156 2799 427 2854 multiplicet.
471 2799 640 2840 domine
673 2798 994 2840 devinctissime
1029 2803 1071 2840 et
1104 2804 1192 2839 tota
1227 2798 1402 2854 pietatis
1436 2798 1592 2838 virtute
1626 2797 1905 2851 singulariter
1938 2794 2176 2837 excolende
2207 2794 2352 2836 frater.

295 2952 315 2982 :2’
348 2948 454 2983 Dent.
483 2949 582 2982 XXI.
613 2949 760 2983 10-13.
938 2949 979 2982 12
1012 2949 1100 2983 Gen.
1128 2947 1225 2987 XIV,
1257 2947 1311 2981 14.
1488 2947 1532 2980 16
1564 2946 1676 2990 Apoc.
1704 2945 1755 2986 H,
1783 2945 1835 2979 17.
2007 2943 2047 2977 17
2080 2943 2192 2987 Apoc.
2220 2943 2270 2984 ΙΙ,
2303 2944 2356 2978 11.

159 3008 199 3040 19
226 3008 337 3051 Apoc.
362 3006 460 3046 VIII,
487 3006 518 3040 4.
660 3007 704 3040 -22
731 3006 864 3041 Psalm.
891 3005 998 3046 LXV,
1026 3007 1078 3040 13.
1219 3006 1263 3039 ⁴25
1288 3004 1422 3038 Psalm.
1450 3003 1578 3045 XLIV,
1606 3004 1658 3038 13.
1798 3002 1840 3036 31
1867 3001 2000 3036 Matth.
2027 3001 2140 3042 XXV,
2166 3001 2221 3035 21.

297 3101 312 3132 1
330 3098 398 3135 nob
413 3101 441 3132 G
550 3100 570 3131 3
586 3101 717 3143 pcc-ier*
736 3100 764 3131 G
872 3100 892 3132 ἴ)
906 3098 958 3142 ut]
971 3100 1101 3142 scripsi,
1116 3099 1156 3131 ad
1173 3099 1202 3129 (τ’
1311 3097 1331 3130 G
1345 3095 1581 3141 subiugemus]
1595 3097 1794 3137 Illommsen,
1808 3096 2047 3138 subiungimus
2060 3095 2089 3127 G
2195 3094 2213 3127 7
2231 3100 2357 3128 castam

161 3157 444 3201 coniunctionem]
466 3159 664 3195 Jsomm-sevz,
689 3164 780 3190 casta
807 3158 1044 3190 coniunctione
1066 3158 1095 3189 G
1227 3156 1247 3187 9
1273 3157 1459 3199 puchriscit
1480 3156 1509 3187 G
1644 3154 1677 3186 ll
1706 3152 1907 3196 deuoluunt]
1927 3164 1975 3195 ep.
1997 3151 2100 3192 XVI,
2123 3153 2308 3185 deuoluent
2329 3153 2359 3185 G

161 3216 203 3248 12
221 3228 317 3258 reges
335 3215 382 3258 ini
402 3219 422 3248 3
441 3218 509 3249 fere
528 3216 644 3247 litteris
661 3216 812 3255 sublatis,
838 3228 852 3247 s
871 3216 903 3247 in
921 3227 963 3246 772.
982 3227 1046 3247 rec.
1067 3215 1148 3247 calcz.
1168 3215 1196 3247 G
1276 3215 1435 3247 trecentis
1454 3214 1567 3246 decem
1586 3219 1618 3245 et
1636 3211 1722 3255 octo]
1745 3212 1872 3244 Graece
1890 3209 1932 3243 T'
1952 3209 1979 3243 1'
1997 3208 2055 3252 H'‚
2079 3211 2100 3242 ἰ.
2118 3222 2143 3243 e.
2162 3221 2247 3243 crux
2263 3212 2358 3243 Iesus

160 3274 204 3307 lt}
229 3275 250 3306 li
278 3281 304 3305 «t
329 3275 509 3306 sublatum
535 3276 606 3306 tersi
629 3275 657 3305 G
782 3273 821 3305 14
848 3275 994 3305 uitornm
1020 3285 1107 3305 corr.
1127 3274 1287 3311 uitiorum
1310 3273 1360 3303 (θ’
1438 3283 1556 3304 cruces
1577 3271 1606 3303 G
1730 3269 1772 3301 15
1796 3267 1864 3312 era]
1884 3280 1933 3310 ep.
1954 3268 2056 3308 XVI,
2081 3269 2162 3300 hera
2184 3268 2224 3309 G,
2248 3268 2360 3300 littera

161 3333 296 3364 conferit
322 3331 533 3363 Jlammsen:
557 3334 599 3373 ef.
627 3342 711 3373 qum:
737 3331 856 3372 scripsi
886 3331 922 3362 ἰιι
952 3330 1108 3363 ‘Studien
1133 3342 1160 3363 rs.
1187 3331 1313 3363 clm’z'stl.
1340 3329 1556 3362 mittelalterl.
1587 3328 1814 3369 Cl17·0›10l.'p.
1840 3328 1901 3358 143
2010 3323 2200 3367 utriusque]
2227 3325 2359 3367 scripsi,

160 3391 270 3421 utrius
292 3392 319 3418 (ν’
472 3388 512 3421 17
539 3389 699 3429 ninccrit,
730 3400 800 3419 ras.
827 3400 847 3420 n
877 3390 905 3417 G
1007 3389 1128 3420 leditur
1157 3391 1185 3419 G
1332 3386 1375 3419 18
1400 3389 1589 3420 fenerantes
1611 3386 1641 3417 G
1789 3382 1832 3415 19
1856 3384 2042 3416 aestuantis
2067 3383 2152 3415 coni.
2170 3382 2359 3414 ilsommsen

161 3446 201 3478 21
230 3454 336 3479 morte
356 3448 384 3478 G
517 3446 560 3477 22
586 3458 664 3477 suos
682 3457 769 3477 corr.
787 3451 863 3477 tuos
882 3446 929 3474 (1¹¹
1065 3444 1109 3477 ‘23
1127 3448 1257 3478 fructus
1276 3446 1305 3477 G
1436 3444 1480 3477 '24
1506 3445 1756 3477 subsarcinatus
1773 3446 1799 3475 G
1888 3443 1945 3474 inss
1983 3442 2138 3484 signibus
2164 3441 2357 3481 remeditus,

162 3517 231 3536 ras.
250 3506 307 3536 in!
328 3507 355 3536 G
472 3503 516 3536 ‘25
542 3505 573 3535 id
592 3504 654 3545 est]
673 3515 716 3535 m.
736 3515 798 3535 rec.
818 3503 898 3535 adal.
916 3504 1051 3535 sublata
1067 3510 1172 3536 velere
1190 3504 1360 3545 scriptura
1379 3503 1408 3534 (τ’
1525 3500 1568 3533 26
1595 3499 1740 3541 domino]
1760 3499 1794 3541 ((1
1812 3500 1980 3531 sublatum
1998 3510 2039 3531 m.
2058 3510 2123 3531 rec.
2143 3498 2239 3538 add.)
2257 3499 2302 3530 11—0
2319 3497 2360 3538 G,

164 3574 230 3594 non
256 3563 295 3594 ‹le
317 3563 472 3594 (scmisivs
548 3559 744 3603 gratiarum]
770 3572 810 3603 gr
827 3572 866 3592 ea:
883 3562 947 3592 acti
967 3573 1053 3592 corr.
1076 3561 1125 3593 G¹
1253 3559 1296 3592 Ξῖ
1323 3558 1412 3601 ecce]
1438 3570 1476 3591 ec
1501 3559 1669 3590 sublatum
1693 3569 1736 3589 m.
1754 3569 1818 3589 rec.
1838 3557 1948 3599 suppl.
1971 3556 2000 3588 G
2074 3556 2313 3598 multiplicavit
2331 3555 2360 3587 G

164 3619 207 3651 :23
234 3618 347 3662 dandi}
368 3621 534 3652 dandandi
559 3620 587 3651 G
704 3618 748 3650 29
773 3619 881 3650 ass'erit
899 3636 940 3640 -
959 3619 1105 3651 restituit
1122 3619 1151 3649 G
1267 3617 1312 3650 >30
1336 3629 1427 3650 sarra
1452 3614 1523 3658 tua]
1547 3616 1588 3656 G,
1612 3619 1749 3647 sanctus
1770 3614 1945 3646 C'anisz'us:
1970 3614 2014 3656 cf.
2031 3613 2130 3655 infra
2142 3624 2179 3654 p.
2199 3614 2266 3644 269
2282 3612 2303 3644 l.
2318 3614 2359 3644 19

165 3676 204 3708 :31
234 3678 402 3709 bei-eberis
425 3677 452 3708 G
597 3676 641 3707 531³»
665 3673 899 3717 credimribus]
927 3676 1057 3717 scripsi,
1092 3676 1318 3718 prmlitoribus
1345 3676 1384 3711 (ι’,
1420 3686 1479 3717 pro
1505 3673 1677 3705 (latoribus
1706 3671 1862 3704 Canisius
2001 3669 2045 3702 34
2071 3670 2308 3712 glorificandos
2331 3670 2360 3701 G

167 3734 230 3775 (leil
260 3735 388 3775 scripsi.
413 3735 440 3766 ci
472 3736 499 3761 G
652 3733 695 3763 :33
722 3745 783 3775 pus
810 3734 883 3764 illos
913 3735 941 3760 G
1081 3734 1123 3765 :3⁴3
1149 3734 1246 3765 ..obis
1276 3736 1304 3763 G
1399 3733 1497 3773 longe
1531 3732 1620 3763 uitae
1651 3732 1678 3761 G
1818 3728 1859 3760 37
1888 3728 2114 3760 (lenit-tissime
2144 3729 2172 3758 G

2383 937 2415 961 10

2386 1624 2420 1650 20

2391 2318 2425 2343 30

2386 2663 2417 2689 35
