2583 4011
127 292 169 337 G

171 1442 194 1480 lea

243 178 322 217 302
1057 168 1238 206 RL'RICII
1266 167 1605 203 EPISTULARUM

242 291 464 332 abstrusas
496 288 710 343 lapidibus
743 301 935 343 gemmas
968 286 1166 342 propriae
1200 284 1380 326 reddere
1413 283 1707 338 generositati,
1741 296 1851 338 quae
1884 283 2030 339 utique
2061 284 2104 324 in
2135 288 2255 325 tanta
2278 297 2418 325 rerum

242 359 488 400 confusione
528 358 776 398 amitterent
814 357 1104 397 nobilitatem.
1149 355 1182 395 si
1225 353 1410 394 indicem
1451 367 1534 394 non
1577 353 1800 394 haberent.
1861 365 2011 393 aurum
2043 366 2211 407 quoque
2244 353 2416 394 harenis

241 427 393 467 vilibus
427 427 609 466 mixtum
641 427 720 466 nisi
753 426 928 466 artificis
962 426 1155 466 sollertia.
1187 425 1354 465 eluatur
1387 425 1528 479 aquis,
1569 423 1741 478 ignibus
1774 424 1998 478 eliquetur,
2037 437 2115 464 nee
2147 423 2421 478 splendorem

243 496 400 550 poterit
433 495 621 536 retinere
654 509 732 536 nec
766 495 976 535 meritum.
1040 498 1212 548 saeptas
1245 493 1373 533 etiam
1411 506 1617 547 aquarum
1650 492 1915 532 manantium
1946 505 2079 532 venas
2112 496 2154 532 et
2185 491 2418 533 obductum

241 573 354 604 terra
398 564 545 605 fluenti
591 564 761 604 alveum
808 563 889 603 nisi
930 562 1177 615 diligentius
1220 560 1515 602 eruderaverit
1556 561 1811 616 appetitoris
1851 560 2081 612 industria,
2124 561 2263 602 laticis
2302 561 2417 601 unda

239 646 321 672 non
355 632 470 673 fluct.
534 633 588 672 ita
623 638 665 673 et
697 637 942 673 tenerorum
977 630 1115 671 adhuc
1149 630 1264 670 acies
1298 642 1501 669 sensuum
1543 629 1811 683 ignorantiae
1852 629 1999 669 nubilo
2038 629 2159 683 quasi
2198 630 2422 670 crassitate

239 701 470 742 scabrosae
504 700 710 754 rubiginis
744 700 924 740 obsessa.
956 699 1037 739 nisi
1071 697 1245 739 assidua
1276 697 1464 738 doctoris
1507 698 1610 738 lima
1650 701 1869 752 purgetur,
1909 698 2057 752 nequit
2095 702 2245 753 sponte
2286 699 2421 740 clare-

239 784 373 811 scere.
438 775 555 810 tuum
595 783 696 822 ergo
736 782 868 810 nunc,
912 773 1029 808 tunm
1069 772 1134 807 est
1174 767 1215 806 in
1255 766 1319 806 his
1352 766 1549 806 omnibus
1583 769 1625 806 et
1657 766 1846 820 opinioni
1880 769 1979 806 tuae
2012 770 2055 806 et
2086 770 2232 807 nostro
2262 767 2424 822 pariter

242 838 500 894 respondere
543 837 717 878 iudicio.
767 851 819 877 ne
859 841 932 877 aut
970 841 1016 876 tu
1058 835 1402 890 praesumpsisse
1445 834 1607 875 inlicite
1649 838 1725 875 aut
1765 848 1842 875 nos
1885 834 2205 876 inconsiderate
2237 836 2423 890 elegisse

242 908 475 949 videanmr.

1295 1028 1372 1071 IV.

283 1122 751 1166 DEVINCTISSIMO
785 1121 944 1163 FILIO
978 1120 1339 1169 SEMPERQUE
1372 1119 1707 1161 MAGNIFIOO
1740 1119 2041 1162 HESPERIO
2073 1120 2373 1163 RURIOIUS.

386 1217 550 1274 [ἷι-ῑαεῑὶι
583 1232 731 1288 apices
764 1231 1076 1272 unianimitatis
1110 1235 1224 1283 tuae,
1257 1234 1346 1271 tam
1376 1231 1516 1285 gratia
1538 1244 1666 1285 quam
1690 1231 1954 1285 eloquentia,
1985 1234 2072 1271 tam
2095 1245 2240 1272 amore
2263 1231 2426 1286 pariter

240 1317 366 1357 quam
399 1303 561 1357 lepore,
595 1308 681 1341 tam
715 1301 802 1342 sale
836 1314 962 1355 quam
995 1300 1122 1341 melle
1155 1314 1393 1355 respersas,
1432 1300 1476 1340 in
1509 1300 1661 1354 quibus
1695 1313 1773 1341 nec
1806 1299 2023 1341 dulcedini
2057 1300 2232 1343 deesset
2264 1301 2425 1356 aliquid

237 1386 314 1412 nce
355 1371 511 1426 sapori,
573 1370 643 1423 qui
683 1384 779 1410 cum
823 1370 937 1410 omni
980 1369 1178 1410 dictionis
1223 1373 1265 1410 et
1304 1368 1482 1410 rationis
1521 1372 1613 1409 arte
1654 1369 1973 1423 praemineant,
2019 1369 2107 1410 solo
2146 1373 2291 1411 tamen
2324 1384 2349 1410 a
2379 1384 2424 1411 se
2479 1389 2493 1404 a

237 1439 438 1480 videntur
469 1439 715 1493 discrepare
750 1438 919 1479 iudicio.
982 1437 1081 1478 dum
1115 1437 1229 1479 enim
1260 1437 1494 1493 paginulae
1527 1450 1648 1478 meae
1679 1451 1764 1477 non
1795 1436 1915 1478 laudi
1948 1441 2074 1492 aptae
2108 1437 2184 1479 sed
2206 1438 2423 1494 vitupera-

239 1509 345 1549 tioni
396 1508 561 1564 ineptia
613 1508 865 1548 rusticitatis
920 1511 1092 1562 aptatae
1139 1507 1301 1548 maiora
1347 1506 1511 1548 meritis
1559 1505 1750 1547 tribuere
1796 1505 1978 1547 festinas
2025 1509 2068 1547 et
2113 1507 2307 1562 sequeris
2354 1508 2424 1549 vel

238 1577 561 1619 declamationis
609 1590 781 1617 cursum
819 1576 887 1617 vel
933 1575 1153 1631 diligentis
1201 1576 1421 1627 affectum,
1470 1589 1495 1616 a
1532 1588 1682 1615 norma
1725 1575 1832 1616 recti
1877 1574 2024 1616 iudicii
2070 1574 2310 1618 declinasti.
2371 1576 2426 1617 ad

239 1660 364 1701 quam
399 1660 489 1687 rem
521 1659 600 1700 ego
633 1644 943 1700 perfectionem
974 1659 1060 1686 non
1091 1644 1360 1699 ignorantiae
1392 1644 1497 1685 vitio
1530 1644 1607 1685 sed
1638 1648 1877 1700 spontaneo
1919 1643 2106 1685 arbitror
2146 1643 2425 1687 descendisse

239 1715 433 1755 consilio:
466 1714 622 1769 triplici
651 1728 704 1754 ex
737 1727 881 1765 causa,
914 1718 960 1754 ut
991 1714 1034 1754 in
1064 1713 1184 1754 tenui
1217 1713 1397 1754 materia
1428 1717 1473 1754 et
1503 1726 1685 1754 acumen
1715 1713 1881 1767 ingenii
1911 1716 1956 1754 et
1987 1714 2071 1754 oris
2102 1712 2351 1755 facundiam
2382 1718 2426 1755 et

236 1785 503 1825 affluentiam
537 1784 747 1825 sermonis
780 1783 1046 1825 ostenderes.
1100 1784 1225 1824 sicuti
1257 1784 1300 1824 in
1331 1784 1476 1825 ieiuno
1500 1787 1629 1838 atque
1653 1782 1791 1824 otioso
1816 1782 2008 1837 caespite
2032 1781 2168 1836 magis
2192 1783 2424 1825 strenuitas

238 1853 411 1894 cultoris
443 1857 636 1908 apparet.
670 1867 765 1893 cum
799 1858 873 1893 aut
905 1853 1185 1894 rebellionem
1215 1852 1445 1907 glebarum
1476 1852 1693 1894 tenacium
1726 1851 1912 1907 repetita
1944 1851 2118 1906 saepius
2140 1851 2424 1907 impressione

237 1921 420 1962 vomeris
467 1921 613 1961 domat
659 1926 732 1962 aut
780 1920 1025 1963 ariditatem
1071 1921 1246 1962 nimiam
1293 1921 1495 1962 stercoris
1543 1920 1794 1976 aspersione
1840 1919 2063 1971 fecundat,
2117 1924 2164 1961 ut
2210 1920 2426 1962 fructuum

237 1991 423 2046 copiam.
466 2004 593 2045 quam
634 1991 713 2031 soli
752 1995 906 2031 natura
943 1994 1095 2045 negat,
1137 1989 1351 2031 industria
1390 1990 1620 2045 producat3
1669 1990 1729 2031 ita
1769 1993 1813 2031 et
1852 1993 1898 2030 tu
1937 1993 2175 2044 egestatem
2212 1990 2425 2045 epistulae

238 2074 361 2101 meae
396 2059 671 2114 eloquentiae
703 2063 802 2100 tuae
834 2059 1035 2101 ubertate
1059 2059 1219 2112 ditasti,
1251 2064 1299 2101 ut
1319 2060 1457 2114 possit
1480 2074 1592 2111 esse,
1627 2060 1661 2101 si
1684 2073 1780 2100 eam
1803 2058 2110 2114 suppresseriS,
2141 2061 2184 2099 te
2206 2058 2424 2114 loquente,

236 2128 489 2174 laudabilis;
531 2128 566 2168 si
598 2142 698 2169 vero
731 2128 982 2183 protuleris,
1026 2129 1205 2169 incutiat
1236 2133 1277 2170 et
1309 2129 1413 2169 mihi
1444 2128 1497 2170 de
1530 2129 1640 2170 falsa
1670 2128 1798 2169 laude
1833 2132 1876 2169 et
1907 2127 1985 2168 tibi
2016 2126 2069 2168 de
2102 2127 2249 2168 iudicii
2280 2142 2425 2170 errore

236 2197 549 2239 verecundiam.
612 2202 654 2238 et
684 2196 862 2246 idcirco,
903 2197 1002 2252 quia
1032 2197 1291 2252 imperitiam
1321 2211 1462 2238 meam
1494 2198 1557 2238 tui
1588 2197 1765 2252 pudoris
1798 2210 1904 2251 opus
1944 2209 2040 2237 esse
2072 2196 2266 2247 voluisti,
2301 2211 2421 2250 cave,

235 2280 303 2308 ne.
336 2266 565 2321 praeconio
598 2270 669 2306 tuo
703 2265 824 2306 nobis
858 2280 942 2306 non
974 2266 1356 2322 respondentibus,
1398 2273 1473 2307 tua
1512 2267 1778 2321 periclitetur
1809 2266 1976 2307 electio.
2036 2265 2204 2320 itaque,
2250 2266 2284 2306 si
2323 2266 2423 2321 quid

236 2335 340 2375 mihi
387 2334 547 2381 credis,
595 2336 631 2375 si
678 2334 778 2389 quid
824 2335 996 2389 utrique
1044 2336 1255 2385 consulis,
1310 2336 1534 2391 indignum
1580 2336 1808 2386 memoria,
1865 2334 2081 2376 oblivione
2127 2333 2426 2388 dignissimum

235 2404 435 2444 volumen
480 2403 715 2455 absconde,
765 2404 798 2444 si
838 2404 902 2444 vis
944 2409 986 2445 et
1026 2419 1095 2446 me
1142 2405 1196 2446 ad
1242 2405 1466 2446 arbitrium
1508 2409 1629 2446 tuum
1671 2405 1851 2446 oratoris
1893 2404 2052 2445 famam
2092 2406 2134 2443 et
2174 2408 2216 2444 te
2258 2403 2426 2457 probati

235 2472 387 2513 iudicis
420 2472 615 2514 obtinere
648 2486 889 2528 personam.

1305 2598 1359 2640 V.

282 2689 749 2730 DEVINCTISSIMO
785 2689 943 2730 FILIO
978 2689 1336 2737 SEMPERQUE
1370 2690 1705 2733 MAGNIFICO
1739 2690 2040 2749 HESPERIO
2073 2689 2375 2732 RURIOIUS.

379 2779 697 2847 Spopoxossffls,
731 2799 789 2839 fili
823 2800 1058 2851 carissime,
1092 2804 1139 2840 ut
1170 2800 1275 2840 mihi
1309 2800 1476 2855 aliquos
1510 2800 1561 2841 de
1594 2800 1856 2852 ramusculo,
1889 2814 2017 2855 quem
2049 2814 2104 2840 ex
2136 2799 2421 2841 amaritudine

237 2869 278 2908 in
311 2868 592 2909 domesticum
627 2882 826 2923 saporem
859 2868 1112 2910 vertendum
1145 2869 1580 2925 transferendumque
1620 2883 1894 2926 susceperaS,
1934 2869 2133 2910 flosculos
2166 2867 2421 2921 destinares,

235 2951 411 2991 quorum
446 2936 576 2978 odore
610 2951 938 2991 cognoscerem,
979 2952 1105 2992 quam
1146 2953 1267 2994 spem
1307 2939 1397 2994 spei
1439 2952 1591 2994 gerere
1632 2939 1859 2989 deberem,
1900 2942 2144 2978 utrumnam
2184 2937 2268 2992 ipsi
2297 2937 2423 2978 flores

236 3006 430 3059 germina
461 3010 534 3045 aut
574 3019 720 3046 rursus
762 3006 856 3060 ipsa
898 3007 1092 3061 germina
1136 3006 1301 3048 fructus
1341 3008 1406 3048 sui
1444 3007 1651 3063 qualitate
1690 3007 1993 3062 promitterent
2030 3005 2228 3060 idemque
2267 3005 2423 3046 iterum

237 3074 398 3115 fructus
430 3079 570 3114 utrum
604 3075 790 3129 possint.
831 3080 871 3115 te
906 3079 1197 3130 excoquente,
1236 3076 1465 3117 mitescere
1505 3080 1546 3116 et
1578 3076 1694 3117 dulei
1725 3075 1997 3131 eloquentiae
2028 3074 2124 3116 cibo
2156 3073 2422 3115 audientium

239 3142 367 3183 corda
399 3143 569 3184 satiare.
631 3143 743 3197 quod
776 3144 876 3198 quia
906 3144 1050 3184 nescio
1090 3158 1216 3199 quam
1258 3145 1311 3185 ob
1355 3159 1528 3185 causam
1568 3145 1711 3186 facere
1750 3144 1976 3195 distulisti,
2020 3147 2307 3199 opportunum
2344 3155 2421 3182 vos

235 3211 492 3252 admonendi
526 3217 693 3267 tempus
726 3212 890 3261 inveni,
933 3226 1014 3267 quo
1053 3212 1095 3253 in
1137 3212 1363 3254 harmonia
1401 3213 1549 3254 mundi
1586 3214 1790 3255 universa
1829 3212 2063 3253 animantia
2100 3212 2228 3252 bruta
2258 3210 2421 3265 pariter

239 3284 280 3320 et
313 3279 520 3333 elinguia,
564 3280 827 3330 incedentia,
870 3281 1058 3322 volantia
1097 3286 1226 3336 atque
1260 3283 1431 3338 reptilia
1463 3283 1549 3324 suis
1583 3296 1779 3338 quaeque
1810 3281 1969 3333 modis,
2011 3281 2099 3322 suis
2132 3280 2289 3333 sibilis,
2331 3279 2418 3320 suis

371 3417 392 3449 2
418 3419 636 3451 „mitterent
660 3419 917 3451 *mobilitatem
941 3419 991 3451 G¹
1062 3418 1222 3462 indicem]
1248 3420 1446 3463 Mommsen,
1473 3421 1617 3454 iudicem
1639 3421 1669 3453 G
1791 3419 1812 3453 3
1837 3421 1889 3453 nis
1914 3418 1939 3463 (i
1963 3419 2045 3452 add.
2067 3418 2132 3460 G2)
2154 3418 2183 3450 G
2252 3418 2423 3451 sollertiae

237 3476 338 3508 luaetu
363 3477 476 3518 raquis
498 3477 559 3516 ΘΙ,
595 3477 763 3509 sollertiae
788 3477 922 3509 lauetur
946 3477 1044 3519 aquis
1065 3478 1116 3509 G²
1249 3478 1270 3509 ἴ)
1296 3479 1414 3511 fluenti
1439 3479 1580 3511 muium
1603 3478 1664 3519 G¹‚
1689 3478 1807 3510 fluenti
1831 3478 1966 3510 alueum
1987 3477 2037 3509 G²
2176 3474 2196 3507 9
2221 3476 2369 3508 inlicitae
2387 3472 2421 3507 G

238 3532 279 3565 12
297 3534 522 3566 deuictissimo
541 3534 569 3565 G
638 3534 798 3575 magnific
817 3534 845 3563 G
963 3532 1004 3565 14
1022 3535 1147 3576 quilius
1163 3532 1197 3566 G
1316 3534 1356 3567 19
1375 3534 1625 3578 perfectionem]
1648 3536 1736 3575 forte
1752 3527 1844 3567 tuam
1862 3535 2076 3567 desideratur
2191 3531 2236 3565 20
2251 3531 2305 3575 ex]
2324 3538 2375 3565 cst
2390 3530 2423 3565 G

236 3588 276 3621 21
304 3591 488 3623 ostenderis
518 3592 547 3622 G
650 3589 806 3633 caespite]
839 3592 882 3633 cf.
909 3603 958 3633 r‘p.
986 3591 1119 3623 Sidonii
1143 3592 1191 3623 ad
1216 3592 1392 3624 Ruricium
1417 3592 1534 3624 datam
1560 3592 1665 3632 VIII,
1690 3594 1743 3632 10,
1767 3592 1787 3631 ἕ
1804 3596 1824 3623 2
1968 3589 2012 3623 23
2037 3588 2208 3632 fecundat]
2236 3602 2257 3622 11
2283 3602 2308 3622 3.
2327 3590 2348 3622 Ζ.
2370 3590 2421 3621 G²

238 3648 382 3678 fructum
406 3647 434 3678 G
583 3646 627 3679 24
653 3646 826 3690 producat]
855 3648 888 3679 ιή
912 3660 975 3689 my.
1001 3648 1082 3680 add.
1104 3650 1155 3680 G2
1262 3655 1341 3682 tuac
1363 3648 1367 3691 Ι
1389 3655 1550 3692 gestatem
1582 3649 1647 3689 G1,
1677 3655 1735 3682 tua
1758 3654 1940 3692 egestatem
1969 3649 2023 3680 G'2
2171 3646 2215 3679 26
2239 3645 2280 3689 si]
2308 3658 2371 3679 om.
2393 3647 2422 3678 G

237 3703 280 3735 33
306 3705 532 3736 deuictissimo
562 3704 589 3735 G
729 3704 772 3735 :35
798 3705 1096 3747 transfendumque
1126 3707 1154 3733 (τ’
1247 3707 1426 3739 destinaris
1456 3708 1484 3736 (ι’
1622 3706 1664 3738 39
1690 3707 1837 3739 detulisti
1866 3708 1895 3737 G
2033 3704 2072 3737 41
2104 3704 2315 3736 incendentia
2343 3700 2375 3735 G

2462 914 2494 939 10

2461 1723 2494 1748 20

2462 2068 2494 2093 25

2462 2412 2496 2437 30

2460 2876 2492 2901 35

2458 3218 2492 3242 40
