2583 4011
128 290 148 326 >l

199 176 250 212 -10
1020 166 1201 200 SIDONII
1227 165 1570 200 EPISTULARUM

198 285 405 325 Cuticiaci
439 297 672 338 supernum
706 282 893 337 pretium
926 281 1018 322 fuit.
1088 279 1201 334 quod
1240 284 1375 321 restat
1412 280 1714 335 exposcimus‚
1748 284 1795 320 ut
1829 280 1940 320 sieut
1977 280 2189 321 ecclesiae
2226 284 2398 320 nostrae

195 354 253 393 ita
287 352 417 393 etiam
451 352 637 392 civitatis
670 365 807 405 aeque
841 350 920 391 tibi
954 350 1008 389 sit
1041 362 1142 389 eura
1175 349 1437 399 eommunis,
1473 362 1581 402 quae
1617 362 1713 388 eum
1747 348 1863 397 olim,
1898 351 1989 388 tum
2022 347 2199 389 debebit
2231 362 2287 388 ex
2320 347 2399 387 hoe

197 420 430 476 praecipue
465 424 659 475 tempore
692 418 745 459 ad
786 423 904 459 tuum
945 416 1231 472 patrocinium
1264 417 1333 458 vel
1376 417 1428 457 ob
1470 421 1590 457 tuum
1632 416 1939 472 patrimonium
1978 416 2215 471 pertinere.
2287 416 2400 470 quod

197 489 317 529 cuius
349 488 494 529 meriti
527 502 625 529 esse
658 487 813 542 possit,
860 486 1019 540 quippe
1060 485 1095 525 si
1127 489 1271 526 vestra
1304 485 1455 526 crebro
1488 484 1593 525 illud
1634 485 1885 539 praesentia
1926 485 2103 536 invisat,
2144 485 2214 526 vel
2247 484 2402 525 Gothis

197 557 381 598 credite.
423 557 494 611 qui
536 569 850 610 saepenumero
899 554 1029 595 etiam
1073 553 1386 608 Septimaniam
1429 567 1550 594 suam
1589 553 1815 594 fastidiunt
1855 554 1925 595 vel
1970 553 2224 604 refundunt,
2274 553 2400 594 modo

127 629 150 663 5
194 625 397 666 invidiosi
429 625 557 666 huius
590 625 736 679 anguli
770 624 898 665 etiam
932 623 1130 664 desolata
1160 622 1429 677 proprietate
1463 621 1696 676 potiantur.
1768 621 1845 663 sed
1886 622 1951 663 fas
1985 626 2052 664 est
2083 622 2285 677 praesule
2319 621 2401 662 deo

140 1836 161 1873 ¹0

199 694 322 735 vobis
356 695 468 735 inter
500 708 574 735 005
608 698 651 733 et
683 691 995 746 rempublicam
1028 689 1182 731 mediis
1216 690 1358 730 animo
1393 689 1607 744 quietiora
1639 691 1888 745 concipere,
1922 691 2034 745 quia‚
2070 690 2153 731 etsi
2186 690 2249 730 illi
2280 694 2401 731 vete-

200 778 290 804 rum
324 764 469 804 finium
504 762 714 803 limitibus
749 760 938 802 effractis
985 760 1097 800 0111111
1130 759 1198 799 vel
1232 758 1390 799 virtute
1422 758 1492 798 vel
1533 758 1646 799 mole
1687 759 1980 813 possessionis
2025 758 2223 800 turbidae
2264 762 2403 799 metas

200 832 241 872 in
282 831 540 872 Rhodanum
580 829 858 884 Ligerimque
898 827 1233 884 proterminant,
1279 831 1422 868 vestra
1464 831 1610 867 tamen
1651 828 1884 868 auctoritas
1927 842 2004 883 pro
2049 827 2258 882 dignitate
2303 841 2402 868 sen-

202 901 362 941 tentiae
397 901 456 941 sic
489 904 656 955 partem
689 904 918 952 utramque
951 896 1258 938 moderabitur.
1293 900 1339 936 ut
1371 901 1415 937 et
1444 899 1592 936 nostra
1615 895 1754 936 discat
1777 896 1878 951 quid
1903 895 2062 938 debeat
2094 910 2270 950 negare,
2305 910 2402 936 cum

201 969 375 1023 petitur!
410 974 451 1009 et
484 982 665 1023 poscere
698 967 881 1008 adversa
913 965 1096 1017 desinat,
1129 979 1225 1006 cum
1259 969 1456 1019 negatur.
1518 965 1630 1005 vale.

1275 1147 1334 1188 II.

716 1251 1000 1293 SIDONIUS
1036 1249 1418 1292 CONSTANTIO
1453 1251 1566 1292 SUO
1601 1250 1896 1293 SALUTEM.

348 1333 548 1391 SALi‘TA'r
589 1350 774 1405 populus
806 1348 1053 1389 Arvernus.
1095 1348 1216 1388 cuius
1259 1362 1392 1403 parva
1435 1349 1608 1403 tuguria
1648 1363 1829 1403 magnus
1873 1349 2031 1404 hospes
2069 1350 2283 1405 implesti.
2324 1363 2409 1390 non

217 1420 472 1460 ambitiosus
506 1419 713 1459 comitatu
747 1416 823 1458 sed
856 1417 1111 1458 ambiendus
1144 1417 1317 1458 affeetu.
1372 1416 1479 1457 deus
1503 1417 1634 1461 bone,
1676 1417 1788 1472 quod
1812 1417 2016 1472 gaudium
2052 1419 2133 1459 fuit
2165 1419 2408 1461 laboriosis.

205 1502 299 1528 cuin
334 1492 378 1528 tu
411 1492 607 1528 sanctum
640 1487 797 1542 pedem
830 1486 1049 1528 semirutis
1082 1487 1311 1527 moenibus
1352 1486 1557 1527 intulisti!
1604 1501 1731 1541 quam
1772 1491 1818 1527 tu
1858 1487 1911 1527 ab
1959 1488 2075 1528 omni
2117 1488 2267 1530 ordine
2301 1503 2410 1530 sexu

204 1562 347 1597 aetate
388 1556 696 1612 stipatissimus
745 1555 1013 1596 ambiebare!
1064 1569 1173 1609 quae
1220 1555 1322 1595 salsi
1368 1569 1473 1609 erga
1520 1555 1714 1609 singulos
1757 1555 1869 1596 libra
1913 1556 2143 1597 sermonis!
2194 1571 2321 1612 quam
2367 1561 2410 1597 te

208 1625 413 1666 blandum
462 1625 605 1681 pueri.
655 1639 823 1666 comem
867 1625 1071 1665 iuvenes.
1118 1638 1296 1679 gravem
1345 1638 1473 1665 senes
1525 1624 1836 1665 metiebantur!
1887 1638 1991 1679 quas
2034 1630 2080 1665 tu
2125 1625 2325 1666 lacrimas
2366 1629 2413 1666 ut

205 1709 361 1750 parens
394 1695 584 1735 omnium
618 1709 749 1750 super
780 1694 913 1735 aedes
946 1693 1147 1734 incendio
1181 1697 1382 1748 prorutas
1416 1697 1459 1734 et
1491 1692 1709 1733 domicilia
1742 1693 1950 1734 semiusta
1981 1693 2154 1734 fudisti!
2204 1698 2411 1749 quantum

207 1763 383 1804 doluisti
417 1778 591 1819 campos
625 1763 820 1819 sepultos
853 1763 1026 1803 ossibus
1059 1762 1310 1817 insepultis!
1364 1776 1474 1816 quae
1508 1766 1581 1802 tua
1607 1761 1814 1816 deinceps
1848 1762 2109 1814 exhortatiQ
2142 1776 2251 1817 quae
2285 1777 2410 1818 repa-

209 1834 419 1874 rationem
453 1834 673 1874 suadentis
706 1832 978 1873 animositas!
1028 1832 1093 1872 his
1127 1831 1323 1877 adicitur,
1357 1830 1486 1886 quod,
1520 1845 1616 1871 cum
1648 1831 1867 1871 inveneris
1901 1831 2120 1871 civitatem
2152 1845 2238 1871 non
2270 1831 2411 1871 minus

209 1903 345 1942 civica
378 1902 595 1943 simultate
618 1917 745 1957 quam
777 1902 1007 1943 barbarica
1036 1902 1279 1942 incursione
1304 1905 1545 1951 vacuatam,
1579 1915 1730 1956 pacem
1754 1901 1953 1942 omnibus
1976 1900 2163 1942 suadens
2189 1901 2413 1942 caritatem

209 1971 315 2015 11115,
351 1971 447 2012 11105
479 1972 647 2026 patriae
680 1971 919 2013 reddidisti.
990 1971 1145 2026 quibus
1188 1976 1262 2012 tuo
1294 1970 1462 2011 monitu
1494 1984 1580 2010 non
1613 1970 1755 2011 minus
1788 1970 1831 2010 in
1863 1984 1994 2010 unum
2028 1969 2255 2010 eonsilium
2287 1983 2415 2024 quam

209 2040 250 2080 in
285 2054 415 2080 unum
443 2040 648 2096 oppidum
682 2042 1002 2082 revertentibus
1036 2041 1146 2082 muri
1178 2041 1256 2081 tibi
1289 2039 1451 2082 debent
1482 2040 1656 2095 plebem
1688 2040 1926 2091 reductam,
1957 2039 2080 2095 plebs
2103 2039 2282 2080 reducta
2314 2053 2414 2079 eon-

211 2108 412 2149 cordiam.
476 2110 679 2164 quocirca
711 2111 814 2150 satis
848 2114 889 2151 te
924 2110 1004 2151 toti
1037 2124 1174 2161 suum,
1211 2109 1315 2150 satis
1348 2124 1393 2150 se
1419 2109 1498 2149 toti
1530 2112 1626 2149 tuos
1659 2109 1907 2151 aestimant:
1941 2112 1997 2152 et.
2031 2122 2140 2163 quae
2174 2107 2312 2163 gloria
2342 2111 2417 2148 tua

210 2178 395 2218 maxima
429 2181 508 2218 est.
541 2178 717 2220 minime
749 2179 971 2221 falluntur.
1033 2179 1290 2220 obversatur
1321 2178 1481 2219 etenim
1515 2192 1591 2233 per
1614 2177 1707 2219 dies
1739 2178 1959 2219 mentibus
1991 2178 2270 2232 singulorum,
2302 2176 2417 2232 quod

210 2260 395 2301 persona
427 2251 570 2288 aetate
601 2247 744 2302 gravis
778 2248 1027 2288 infirmitate
1055 2247 1236 2302 fragilis,
1275 2246 1505 2287 nobilitate
1535 2245 1730 2286 sublimis
1759 2246 1967 2301 religione
1996 2247 2254 2288 venerabilis
2285 2247 2418 2288 solius

211 2314 456 2356 dilectionis
476 2315 656 2357 obtentu
679 2316 891 2372 abrupisti
912 2320 974 2357 tot
995 2316 1218 2372 repa-gula,
1241 2319 1305 2355 tot
1328 2315 1522 2356 obiectas
1541 2314 1744 2356 veniendi
1762 2314 2054 2368 difficultates,
2077 2316 2278 2357 itinerum
2295 2315 2416 2357 vide-

212 2384 314 2425 licet
345 2383 661 2438 longitudinem
694 2385 952 2426 brevitatem
984 2385 1164 2436 dierum⁷
1198 2384 1361 2425 nivium
1393 2384 1559 2439 copiam
1591 2384 1818 2439 penuriam
1848 2384 2125 2440 pabulorum,
2165 2383 2417 2425 latitudines

214 2452 492 2493 solitudinum
516 2454 740 2507 angustias
763 2455 1047 2506 mansionunn
1070 2454 1238 2494 viarum
1260 2453 1491 2508 voragines
1515 2456 1589 2494 aut
1611 2467 1760 2494 umore
1782 2453 1984 2494 imbrium
2009 2457 2158 2508 putres
2186 2457 2260 2494 aut
2280 2453 2415 2508 frigo-

215 2535 308 2561 rum
334 2521 526 2562 siccitate
557 2522 807 2574 tribulosas7
840 2522 893 2564 ad
925 2523 1006 2564 hoc
1038 2527 1111 2563 aut
1142 2536 1329 2577 aggeres
1362 2522 1476 2563 saxis
1509 2535 1689 2576 asperos
1722 2525 1795 2562 aut
1825 2522 1978 2562 fluvios
2000 2522 2102 2576 gelu
2132 2522 2321 2563 lubricos
2344 2525 2419 2562 aut

216 2589 347 2630 eolles
387 2603 570 2630 ascensu
609 2591 854 2632 salebrosos
898 2596 972 2633 aut
1011 2592 1146 2632 valles
1191 2592 1390 2646 lapsuum
1430 2590 1686 2632 assiduitate
1719 2588 1746 2638 ”Γ
1777 2590 1976 2634 derasas:
2016 2605 2094 2646 per
2134 2605 2244 2646 quae
2278 2590 2420 2632 omnia

217 2657 510 2709 incommoda,
560 2659 660 2713 quia
691 2673 777 2701 non
808 2661 1023 2716 privatum
1065 2659 1338 2702 commodum
1379 2659 1656 2715 requi1·ebaS‚
1706 2673 1896 2701 amorem
1938 2659 2159 2715 publicum
2198 2659 2419 2702 rettulisti.

358 2807 373 2839 1
401 2809 558 2841 euticiani
588 2806 627 2840 F
625 2835 635 2850 ,
671 2810 863 2843 euticiaeini
894 2808 943 2851 (ui
967 2821 1055 2843 eras.
1083 2810 1146 2851 ΡΙ)
1179 2811 1212 2843 Ρ
1324 2810 1474 2853 precium
1510 2806 1623 2842 MGF
1804 2808 1826 2842 2
1868 2810 1911 2843 sit
1950 2810 2012 2842 tibi
2043 2809 2076 2841 T
2184 2815 2258 2842 tum
2291 2819 2354 2841 om.
2383 2806 2424 2840 F

216 2888 238 2921 3
262 2890 315 2922 vel
347 2891 390 2922 ob
420 2896 516 2923 tuum
555 2891 589 2923 in
613 2903 683 2924 ras.
710 2892 775 2933 P1,
820 2893 873 2925 vel
910 2893 1068 2925 obtutum
1103 2892 1135 2924 L
1329 2890 1351 2924 4
1376 2892 1493 2925 crebro
1530 2895 1642 2923 vestra
1679 2890 1710 2921 T
1844 2890 2038 2933 praesencia
2065 2889 2094 2922 Ο
2229 2861 2322 2923 {ua-m
2346 2889 2421 2930 M1,

220 2977 311 3003 tuam
338 2971 368 3002 L
478 2973 532 3005 vel
558 2984 621 3005 om.
650 2972 679 3005 C
849 2971 870 3004 ss
895 2973 1049 3005 desoluta
1073 2984 1099 3004 s.
1126 2973 1148 3004 l.
1174 2972 1256 3005 add.
1290 2972 1337 3003 T2
1444 2972 1622 3015 pociantur
1649 2971 1677 3003 C
1848 2968 1867 3002 7
1893 2970 2011 3012 quiora
2043 2967 2074 3001 T
2185 2971 2362 3013 concipere
2383 2969 2422 3001 in

219 3062 286 3082 ras.
306 3050 370 3091 P1,
395 3057 544 3094 repetere
570 3051 751 3084 Parisinus
775 3054 864 3084 2782
1003 3050 1024 3083 9
1049 3052 1213 3084 rodanum
1234 3051 1297 3084 CF
1394 3051 1603 3093 ligeremque
1629 3049 1731 3092 (corr.
1758 3050 1794 3081 in
1818 3050 2019 3092 ligerimque
2043 3048 2118 3090 M2)
2144 3048 2221 3080 LM
2309 3052 2422 3081 vestra

221 3130 255 3161 in
282 3141 349 3162 ras.
376 3129 409 3161 P
416 3131 425 3149 ¹
528 3133 719 3164 sentenciae
749 3132 777 3165 C
938 3130 980 3164 10
1006 3137 1083 3164 ante
1108 3137 1221 3165 nostra
1246 3132 1408 3174 expunxit
1435 3131 1493 3163 illa
1524 3130 1571 3161 ,Τ1
1738 3129 1779 3162 11
1805 3131 1945 3163 adversa
1970 3140 2107 3172 poscere
2127 3129 2158 3160 T
2245 3128 2427 3161 definiatC

220 3210 294 3242 vale
311 3221 372 3242 om.
393 3208 432 3242 F
547 3210 588 3244 12
612 3213 755 3245 salutem
773 3224 836 3244 om.
855 3210 895 3244 F
1008 3210 1050 3244 13
1068 3218 1148 3254 post
1171 3213 1296 3246 salutat
1321 3213 1382 3254 leq.
1401 3217 1433 3244 te
1450 3212 1486 3243 in
1504 3208 1577 3243 TF
1590 3217 1620 3244 et
1636 3223 1661 3243 s.
1681 3212 1702 3243 l.
1721 3212 1757 3243 ἱη
1774 3211 1819 3243 0¹
1903 3223 2000 3254 ospes
2017 3211 2046 3243 C
2160 3209 2203 3243 14
2227 3209 2369 3243 abicios'
2382 3210 2427 3242 M

222 3295 251 3321 et
268 3289 303 3320 in
320 3301 428 3331 marq.
446 3289 460 3321 l
478 3290 591 3323 ambit'
617 3291 698 3323 add.
717 3290 792 3332 Μ’,
815 3292 897 3325 abit'
919 3291 955 3332 T,
979 3291 995 3324 l
1012 3286 1145 3325 abitios'
1162 3303 1187 3323 8.
1206 3292 1227 3323 l.
1246 3291 1327 3323 add.
1347 3291 1395 3322 Τ2
1537 3288 1579 3322 15
1604 3291 1773 3323 semirutis
1798 3290 1827 3331 (r
1851 3301 1939 3323 corr.
1957 3301 1997 3322 ea:
2021 3295 2034 3322 t
2053 3286 2092 3321 F
2101 3288 2127 3331 ¹)
2145 3287 2184 3321 F
2250 3291 2341 3322 omni
2357 3301 2382 3322 8.
2399 3291 2419 3323 l.

223 3368 302 3400 add.
330 3367 379 3399 Ι)1
499 3368 542 3401 16
567 3371 645 3402 50151
670 3382 757 3403 corr.
782 3382 822 3404 esc
846 3371 921 3403 falsi
947 3370 999 3402 P2
1118 3369 1161 3402 18
1185 3376 1362 3414 proruptas
1387 3368 1426 3402 F
1493 3370 1658 3402 simiiusta
1686 3367 1725 3401 F
1842 3369 1884 3402 19
1910 3370 2068 3402 deineebs
2089 3367 2119 3401 C
2186 3370 2379 3403 exhortacio
2397 3370 2426 3403 Ο

222 3445 268 3479 20
292 3447 437 3480 suadens
458 3445 497 3479 F
571 3450 709 3482 adititur
729 3447 768 3481 F
885 3449 928 3482 21
954 3450 970 3481 l
994 3452 1138 3483 vacuata
1163 3452 1296 3484 vastate-1
1319 3451 1350 3482 T
1460 3448 1504 3482 23
1529 3450 1692 3492 optimum
1717 3447 1756 3481 F
1873 3447 1918 3481 24
1944 3450 2024 3482 satis
2049 3454 2082 3482 te
2106 3450 2166 3482 toti
2191 3461 2292 3482 suum
2312 3461 2375 3482 om.
2396 3448 2427 3482 C

226 3538 260 3559 se
276 3526 351 3558 LJI
356 3525 414 3559 TC
414 3527 452 3568 P,
477 3534 508 3560 te
526 3525 565 3559 F
655 3527 700 3561 ‘25
713 3530 912 3562 obversatur
923 3536 1059 3572 praeter
1073 3531 1115 3563 ob
1128 3531 1165 3562 in
1177 3542 1247 3563 ras.
1261 3529 1294 3562 P
1300 3530 1323 3571 ¹,
1341 3530 1540 3562 observatur
1557 3525 1587 3560 C
1653 3529 1779 3561 etenim
1793 3542 1818 3561 s.
1835 3530 1857 3560 l.
1871 3529 1954 3561 add.
1976 3525 2008 3558 T
2016 3529 2028 3547 ²
2122 3526 2165 3560 27
2184 3528 2378 3561 dileccionis
2396 3525 2426 3560 C'

226 3613 364 3649 optentu
380 3605 428 3638 M
525 3606 568 3640 29
586 3609 725 3641 humore
740 3609 880 3641 MTCF
892 3615 922 3642 et
936 3614 1072 3651 praeter
1089 3610 1170 3641 hum
1190 3610 1223 3641 in
1241 3621 1311 3642 ras.
1327 3608 1377 3640 P¹
1464 3580 1561 3651 putles
1579 3606 1624 3639 0¹
1720 3606 1765 3640 30
1790 3618 1943 3650 aspersos
1962 3606 2065 3649 (post.
2081 3619 2096 3639 5
2110 3608 2271 3649 earpunaeit
2288 3606 2344 3647 0¹)
2365 3607 2428 3640 CF

227 3684 268 3718 31
296 3686 443 3719 salebros
465 3688 493 3719 C
559 3688 714 3720 labsuum
745 3688 770 3719 L
854 3701 897 3720 (ιη
925 3690 1125 3721 ruderatas?
1207 3689 1370 3720 taediosas
1396 3686 1663 3720 Wilamowitzim
1802 3685 1847 3718 32
1871 3687 1930 3728 qui
1959 3684 1998 3717 F
2086 3687 2232 3719 retulisti
2257 3686 2300 3718 M
2304 3686 2335 3718 T
2334 3686 2427 3719 OFP

2443 909 2473 932 10

2448 1505 2478 1528 15

2449 1847 2481 1872 20

2451 2191 2484 2216 25

2453 2535 2487 2559 30
