2583 4011
215 208 294 247 306
1031 203 1210 238 RL‘RICH
1236 203 1579 238 EPISTULARUM

103 324 144 369 G
217 334 394 374 quorum
430 320 671 360 recolentes
706 320 874 360 nomina
910 334 1142 374 sequamur
1174 320 1376 374 exempla
1409 322 1452 359 ct
1484 332 1630 359 eorum
1661 318 1703 359 111
1735 332 1813 358 nos
1845 317 2052 359 vocabula
2090 318 2400 360 transferentes

213 389 363 429 merita
409 390 680 429 conferamus
723 396 851 444 atque
894 405 947 430 ex
987 389 1175 443 ipsorum
1220 388 1352 443 gestis
1393 388 1619 442 magnifica
1657 400 1851 441 quaeque
1885 390 1927 427 et
1958 387 2140 427 honesta
2174 390 2402 441 carpentes

215 458 326 497 vitae
360 468 529 498 nostrae
564 458 723 498 utiliter
756 462 1006 513 coaptemus
1040 463 1083 499 01
1114 458 1350 499 serviamus
1378 458 1501 499 nobis
1535 458 1575 497 in
1609 457 1790 498 caritate
1821 456 2018 507 candida,
2052 471 2134 497 non
2157 457 2402 499 adulatione

214 527 376 569 fucata,
428 526 784 580 studeamus-qim.
835 528 945 581 quod
998 528 1038 567 in
1080 527 1282 568 amicitiis
1321 528 1490 567 illorum
1534 529 1759 581 poetarum
1800 525 1968 566 falsitas
2007 525 2148 576 finxit,
2195 525 2237 566 in
2281 525 2403 566 nobis

212 595 448 636 animorum
484 596 640 636 veritas
673 604 873 650 peragat.
908 601 973 639 ut,
1007 595 1105 635 (111111
1138 595 1294 636 imitari
1326 595 1522 635 videmur
1560 595 1757 648 antiqua,
1799 594 2091 648 relinquamus
2124 593 2332 634 imitanda
2362 597 2406 635 et

145 666 168 702 ἶ)
214 664 427 704 seniorum
460 664 570 705 facta
607 664 835 705 laudantes
869 665 1092 705 laudemur
1123 678 1147 704 a
1180 664 1378 719 posteris.
1440 664 1546 704 111100
1579 676 1696 717 crgO,
1730 662 1901 703 domine
1924 663 1994 715 mi,
2026 663 2198 703 flamma
2219 662 2404 718 pectoris

212 733 315 774 mei,
358 733 628 788 persuasioni
672 743 769 773 tuae
815 747 942 786 quam
986 733 1276 774 eonscientiae
1320 746 1444 773 meac
1489 731 1673 786 amplius
1719 731 1922 781 credens,
1965 732 2114 786 gerulo
2155 731 2402 784 festinante,

212 803 396 843 breviter
429 803 671 857 cursimque
705 802 881 842 dictavi:
917 816 1024 856 quae
1058 802 1214 856 peritia
1246 806 1319 842 tua
1351 805 1394 842 et
1426 800 1620 856 probitas
1652 803 1739 851 tua,
1774 800 1809 840 si
1841 800 1967 840 amici
1990 800 2276 841 verecundiae
2300 814 2403 841 con-

215 872 329 916 sulit.
363 882 434 911 aut
469 872 608 912 celare
643 871 819 911 debebit
851 875 923 910 aut
958 870 1189 911 emendare
1224 871 1404 911 curabit.

1266 1065 1345 1106 XI.

243 1168 474 1209 DOMINO
510 1168 752 1208 sUssLlMI
789 1167 1149 1215 SEMPERQUE
1184 1167 1520 1209 MAGNIFIOO
1553 1166 1775 1208 FRATRI
1806 1167 2048 1208 FREDAE
2080 1167 2379 1209 RURIOIUS.

152 1287 158 1323 1
355 1267 561 1338 Qroxmn
596 1288 847 1328 amoenitati
880 1287 1066 1328 nemoris
1100 1287 1233 1328 vestri
1265 1288 1394 1328 etiam
1426 1287 1589 1328 deserti
1620 1288 1757 1329 nostri
1787 1289 1973 1343 ineptias
1995 1287 2193 1329 voluistis
2217 1287 2405 1343 adiungi,

214 1358 446 1397 transmisi.
481 1357 590 1397 sicut
613 1356 875 1401 iniunxistis,
910 1356 1100 1397 abietum
1125 1356 1311 1411 plantas,
1345 1370 1428 1396 non
1462 1356 1606 1412 specie
1640 1356 1716 1397 sed
1747 1358 2009 1412 proceritate
2042 1358 2290 1413 placituras,
2323 1371 2406 1399 non

213 1426 423 1467 fructibus
458 1425 533 1466 sed
567 1426 632 1466 sui
672 1426 1020 1481 peregrinatione
1064 1425 1303 1477 mirabiles,
1345 1439 1430 1466 non
1471 1439 1554 1466 usu
1594 1429 1717 1481 aptas
1760 1425 1837 1467 sed
1882 1426 2145 1467 amoenitate
2185 1426 2405 1479 iucundas,

213 1496 370 1550 quippe
413 1509 544 1549 quae.
587 1509 682 1535 cum
725 1494 980 1541 coaluerint,
1019 1494 1302 1535 crassitudine
1342 1494 1591 1535 umbrarum
1625 1492 1926 1536 Cevennarum
1957 1495 2092 1550 frigus
2132 1495 2283 1536 oceani
2323 1495 2407 1536 sint

216 1563 453 1605 aestatibus
486 1563 775 1618 praebiturae.
836 1567 878 1603 01
909 1562 991 1603 1100
1024 1563 1136 1604 111101
1168 1563 1264 1604 illas
1297 1563 1670 1618 praeclarissimas
1703 1562 1862 1604 diversi
1892 1564 2065 1619 generis
2098 1564 2288 1616 arbores,
2320 1568 2407 1606 tam

213 1632 368 1673 (100010
402 1647 528 1687 quam
560 1632 745 1672 utilitate
778 1634 1075 1686 praestantes,
1109 1632 1336 1686 opulentas
1369 1646 1524 1684 onere,
1557 1631 1782 1673 distinctas
1814 1634 1940 1685 flore,
1983 1632 2116 1675 odore
2148 1633 2406 1689 fragrantes.

144 1704 166 1741 3
212 1702 295 1741 illie
330 1702 441 1741 enim
474 1701 682 1742 industria
715 1705 861 1742 vestra
894 1701 1095 1753 contulit,
1138 1701 1250 1755 quod
1292 1701 1369 1742 soli
1411 1704 1565 1742 natura
1604 1715 1688 1742 non
1729 1701 1921 1756 protulit.
1981 1716 2079 1743 nam
2118 1706 2166 1743 ut
2205 1702 2407 1745 ruborem

213 1784 425 1812 rosarum.
481 1769 668 1810 liliorum
719 1768 967 1821 eandorem,
1022 1770 1132 1810 lauri
1183 1774 1440 1826 perpetuum
1488 1771 1673 1812 virorem
1728 1774 1771 1811 et
1821 1770 1905 1811 alia
1950 1771 2248 1813 huiuscemodi
2302 1772 2402 1813 vilia

215 1840 376 1880 visibus
422 1839 784 1894 praetermittam,
827 1839 926 1893 quia
969 1853 1100 1894 saepe
1142 1854 1220 1894 per
1259 1839 1569 1881 abundantiam
1607 1839 1797 1895 pretiosa
1829 1839 2043 1880 vilescunt
2078 1843 2121 1880 et
2150 1839 2254 1881 facit
2285 1840 2410 1895 copia

213 1908 423 1948 cotidiana
457 1908 694 1957 fastidium,
727 1908 813 1949 11110
847 1908 977 1949 etiam
1009 1909 1273 1963 graminum,
1316 1909 1580 1964 germinum,
1621 1908 1904 1949 frutectorum
1936 1909 2191 1964 peregrinae
2224 1909 2408 1951 collatae

146 1980 167 2017 -1
215 1983 313 2017 sunt.
354 1977 610 2027 suavitates,
652 1977 761 2017 visui
800 1977 984 2032 usuique
1024 1982 1269 2019 vernantes.
1333 1977 1409 2019 sed
1450 1977 1551 2033 quid
1588 1978 1677 2018 illic
1718 1978 1904 2032 primum
1943 1977 2205 2018 laudandum
2246 1978 2300 2019 sit
2336 1981 2410 2019 aut

215 2044 469 2086 mirandum.
503 2045 576 2086 ubi
609 2045 739 2086 etiam
772 2046 979 2101 temporis
1012 2046 1293 2102 intemperies
1326 2050 1619 2102 temperatur?
1675 2046 1885 2101 siquidem
1917 2046 2025 2087 inibi
2056 2045 2242 2088 torridae
2266 2046 2411 2088 fervor

214 2115 393 2154 aestatis
425 2118 512 2154 tam
546 2115 795 2155 umbrarum
828 2128 955 2169 quam
987 2114 1198 2155 undarum
1230 2115 1370 2169 rigore
1404 2115 1656 2170 depellitur;
1700 2115 1854 2156 hiemis
1891 2129 1993 2157 vero
2036 2115 2078 2155 in
2115 2118 2282 2156 tantum
2323 2129 2409 2157 non

145 1566 168 1604 10

215 2184 398 2223 sentitur
441 2183 670 2237 asperitas,
716 2187 762 2223 ut
802 2183 914 2223 intra
955 2183 1107 2224 aedem
1148 2184 1303 2238 positis
1343 2187 1467 2239 tepor
1505 2184 1616 2225 aeris
1661 2188 1704 2226 et
1745 2187 1896 2225 cantus
1937 2184 2079 2225 avium
2112 2184 2225 2225 veris
2257 2184 2410 2226 reddat
2445 2196 2459 2218 ’-

148 2256 170 2291 5
216 2253 416 2306 effigiem.
484 2252 558 2292 sed
592 2252 691 2306 quid
725 2267 802 2307 ego
834 2253 1060 2293 immemor
1090 2253 1333 2308 imperitiae
1365 2267 1489 2294 meae
1521 2267 1714 2308 paupere
1748 2266 1956 2305 sermone,
1995 2253 2050 2293 mi
2082 2252 2269 2304 domine,
2300 2253 2409 2293 ruris

215 2321 348 2362 vestri
382 2321 566 2373 divitias,
601 2321 778 2362 delicias
811 2321 1056 2362 describere
1087 2326 1161 2362 aut
1183 2336 1383 2364 enarrare
1409 2321 1633 2374 contendo,
1666 2321 1719 2363 ad
1743 2322 1865 2363 cuius
1889 2321 2062 2362 laudem
2085 2321 2214 2362 etiam
2236 2321 2408 2376 ingenia

147 2392 170 2429 O
215 2390 379 2430 maiora
412 2390 774 2431 succumberent?
837 2390 935 2431 date
970 2390 1116 2445 itaque
1148 2390 1442 2445 impudentiae
1475 2404 1599 2432 meae
1630 2391 1822 2442 veniam,
1863 2404 1990 2445 quam
2031 2390 2297 2437 extorsistis;
2338 2390 2410 2444 qui

215 2464 260 2499 ut
293 2459 467 2499 auribus
501 2460 655 2500 vestris
687 2459 894 2500 verbosus
928 2459 1186 2511 existerem,
1229 2459 1420 2513 dignatio
1454 2463 1599 2500 vestra
1627 2473 1695 2500 me
1730 2459 1968 2515 compellit:
2015 2459 2253 2507 confidens,
2296 2458 2409 2514 quod

218 2530 400 2584 epistula
440 2530 608 2584 longior
640 2530 783 2581 vobis,
826 2530 991 2570 domnis
1029 2530 1159 2576 meis,
1200 2530 1235 2569 si
1275 2529 1526 2584 displiceret
1564 2529 1717 2580 affatii,
1758 2528 1948 2583 placeret
1986 2528 2164 2579 affectrl,
2208 2541 2304 2568 cum
2344 2527 2407 2567 in-

217 2598 482 2652 tellegerc,=tis
515 2612 609 2639 eam
642 2613 727 2639 1100
758 2613 834 2653 1110
869 2598 1141 2652 eloquentiae
1173 2599 1320 2652 lepore
1354 2597 1430 2638 sed
1462 2611 1539 2652 pro
1572 2601 1716 2638 vestro
1750 2611 1895 2638 amore
1925 2597 2161 2652 copiosam;
2195 2596 2407 2650 simulque

217 2669 314 2723 quia
349 2669 557 2710 sciebam.
601 2669 908 2709 sublimitatem
942 2672 1130 2709 vestram
1171 2669 1213 2708 in
1254 2668 1401 2708 amicis
1433 2667 1586 2708 vestris
1618 2668 1715 2723 plus
1749 2665 2071 2722 reprehendere
2103 2664 2410 2706 taciturnitatis

218 2737 521 2778 verecundiam
556 2752 681 2792 quam
714 2738 938 2792 loquacem
974 2736 1279 2778 familiaritatis
1313 2736 1551 2778 audaciam.

1265 2944 1367 2985 XII.

705 3047 915 3088 DOMNO
949 3047 1239 3089 PECTORIS
1275 3048 1371 3089 SUI
1404 3047 1591 3089 OELSO
1626 3046 1922 3089 RURICIUS.

158 3140 167 3176 ¹
363 3125 564 3184 Tnfflaoo
597 3145 638 3184 in
671 3145 948 3199 praeconium
973 3149 1163 3186 vestrum
1198 3159 1245 3185 os
1281 3145 1452 3199 elingue
1486 3158 1694 3193 reserare,
1729 3145 1797 3185 cui
1830 3145 1917 3185 scio
1949 3145 2042 3185 iure
2074 3143 2205 3183 etiam
2235 3142 2410 3196 ingenia

222 3213 381 3252 maiora
416 3213 711 3254 succumbere.
773 3213 876 3267 quid
910 3213 1021 3253 enim
1055 3214 1237 3268 primum
1278 3213 1331 3254 (10
1377 3213 1619 3254 affectionis
1662 3217 1736 3253 aut
1773 3212 2036 3267 dignationis
2068 3214 2239 3253 vestrae
2280 3210 2408 3251 laude

221 3294 565 3321 commemorem.
600 3281 669 3335 qui
703 3295 850 3322 omnes
883 3282 984 3322 mihi
1018 3282 1141 3333 ruris,
1180 3282 1369 3323 nemoris
1402 3286 1446 3322 et
1478 3281 1589 3336 quod
1623 3281 1687 3322 his
1721 3282 1918 3322 omnibus
1950 3281 2087 3322 maius
2120 3285 2187 3321 est
2219 3279 2410 3321 caritatis

361 3441 375 3473 1
404 3450 435 3473 et
460 3453 574 3473 eorum
602 3460 642 3463 —
671 3442 852 3484 uocabula}
882 3443 914 3473 ῖιι
941 3455 1003 3483 mys.
1029 3443 1109 3473 (ald.
1131 3440 1182 3473 G¹
1326 3442 1347 3473 3
1372 3441 1514 3481 utiliter]
1542 3443 1566 3473 ti
1591 3442 1703 3483 suppl.
1724 3440 1756 3473 G
1895 3440 1916 3473 4
1942 3444 2058 3485 fugata
2078 3439 2111 3474 G
2204 3441 2358 3473 amicitus
2377 3437 2410 3471 G

225 3497 259 3528 11
290 3499 467 3530 imiimi:
490 3499 645 3530 canisius
772 3498 812 3529 13
838 3500 1038 3531 adiunxistis
1058 3498 1089 3531 G
1218 3498 1255 3531 15
1281 3499 1396 3531 oceani
1420 3497 1501 3540 sint]
1520 3498 1719 3539 Mommsen,
1744 3499 1876 3531 oceanis
1902 3499 1935 3530 in
1956 3497 1989 3531 G
2112 3497 2150 3530 17
2177 3499 2359 3539 flagrantes
2378 3493 2411 3528 G

225 3554 264 3586 15·
290 3553 384 3595 uilia]
405 3555 602 3595 ,llommsem
629 3556 777 3587 familia?
799 3554 865 3596 (1¹¹,
890 3557 1009 3587 similia
1030 3555 1084 3587 (t'‘-'
1201 3555 1245 3587 2⁴..)
1270 3554 1427 3598 usuique]
1455 3556 1543 3588 usui.
1569 3556 1691 3601 suique
1711 3554 1743 3587 G
1859 3554 1903 3587 24
1926 3557 2045 3589 aetatis
2065 3553 2098 3587 G
2213 3553 2257 3586 25
2281 3551 2408 3595 aedem]

224 3612 431 3653 Lit'qs'olmnn,
456 3613 570 3645 eadem
600 3612 630 3645 G
749 3620 850 3656 tepor.
877 3615 963 3645 aeris·
988 3626 1027 3645 eas·
1054 3620 1202 3656 tempora
1226 3614 1291 3646 eris
1317 3625 1404 3645 corr.
1433 3610 1488 3645 G²
1650 3612 1694 3645 26
1719 3613 1879 3656 paupere]
1909 3611 1942 3645 G
2103 3611 2146 3644 ‘27
2172 3612 2352 3644 discribere
2379 3608 2411 3642 G

222 3670 266 3700 2-*5
291 3667 377 3710 date]
409 3670 464 3701 dat
489 3670 517 3701 01
544 3668 576 3701 G
739 3670 783 3701 30
808 3670 952 3705 domnisl
983 3668 1015 3702 G
1123 3671 1356 3713 iutellegeritis
1385 3668 1429 3710 G,
1461 3670 1693 3703 intellexeritis
1721 3670 1875 3703 armisius
2029 3670 2073 3703 32
2097 3667 2187 3713 plus]
2214 3680 2229 3701 s
2254 3680 2280 3701 3.
2307 3668 2329 3700 l.
2356 3665 2409 3700 G¹

224 3725 268 3757 ῑᾶἶ)
293 3724 426 3767 (1011111οζ
457 3724 488 3757 G
629 3728 672 3758 55⁸5
698 3727 854 3770 nemoris]
881 3729 1011 3770 scripsi,
1036 3729 1136 3760 moris
1163 3726 1195 3761 G

2442 1073 2475 1097 10

2444 1505 2476 1530 15

2446 1849 2479 1874 20

2446 2536 2479 2559 30
