2583 4011
1080 212 1230 247 INDEX
1260 212 1599 250 PERSONARUM.

330 325 492 360 themius
523 325 725 370 imperator
761 325 943 368 (adi-ersus
978 325 1171 369 Eurieum)
1212 326 1306 361 Brit-

329 384 457 417 tonum
495 382 633 417 solacia
667 382 883 427 postulavit.
934 382 1096 424 Quorum
1132 394 1192 417 rex
1220 384 1306 418 Rio-

329 439 442 474 timus
473 452 554 475 cum
586 439 778 474 duodecim
816 439 920 473 milia
945 439 1097 474 veniens
1132 440 1168 474 in
1196 440 1306 475 Betu-

328 497 427 541 rigas
459 497 613 532 civitate
640 498 786 532 Oceano
819 508 838 531 e
869 496 1026 531 navibus
1058 508 1204 541 egresso
1230 510 1306 532 sus·
1340 494 1341 532 J

328 556 456 599 ceptus
475 556 540 590 est.
583 554 677 589 Idem
701 555 828 595 45238
843 567 850 588 ι
867 554 914 588 ad
940 565 1032 598 quos
1050 582 1058 589 .
1074 582 1081 588 .
1098 582 1105 590 .
1124 554 1306 590 Euriclius
1339 546 1342 565 ⁸

327 609 559 646 innumerum
585 611 742 647 ductans
767 611 922 645 advenit
946 611 1148 646 exercitum
1167 612 1305 656 diuque

326 679 498 712 pugnans
519 669 725 704 Riutimum
748 668 958 702 Brittonuiu
978 680 1075 714 rege,
1102 672 1302 714 antequam
1339 691 1341 703 -,

327 725 485 761 Romani
504 726 541 760 in
569 727 646 761 eius
664 726 843 761 societate
862 726 1188 771 coniungerentur,
1215 728 1304 761 effu·
1338 773 1340 778 ,

325 783 433 827 gavit
457 783 513 827 (cf.
535 782 729 828 Greyorius
752 783 831 819 hist.
852 783 918 818 Fr.
936 784 1015 825 213
1034 798 1040 819 :
1069 785 1231 819 Brittani
1259 784 1303 818 de

325 840 516 886 Biturigas
541 853 563 876 a
589 840 721 876 Gothis
747 841 890 887 expulsi
918 844 1022 878 sunt.
1050 842 1177 876 multis
1203 842 1302 887 apud
1338 847 1339 855 ¹

323 898 518 933 Dolensem
557 898 678 934 vicum
724 899 952 944 peremptis).
1019 899 1087 942 Qui
1139 901 1301 945 amplam

324 958 469 1001 partem
500 956 683 992 exercitus
708 956 881 991 amissam
908 968 990 991 cum
1017 957 1152 1002 quibus
1178 958 1304 1003 potuit

322 1012 468 1058 fugiens
512 1014 559 1049 ad
597 1014 912 1059 Burgundzonum
952 1018 1101 1060 gentem
1141 1015 1300 1049 vicinam

323 1070 572 1116 Romanisque
591 1071 629 1106 in
648 1083 690 1106 eo
706 1074 871 1118 tempore
890 1072 1116 1107 foederatam
1136 1072 1300 1107 advenit.

276 1127 456 1163 Romulus
482 1129 520 1164 C.
547 1129 686 1164 V1158.
714 1131 789 1166 120.
814 1131 897 1171 43&
931 1130 1111 1165 Romulus
1136 1129 1301 1165 mliectirc

322 1186 359 1221 C.
378 1187 411 1221 II
428 1188 479 1222 13.
498 1188 575 1222 386.
602 1186 670 1222 VII
682 1187 761 1222 349.
779 1188 866 1227 4953
893 1187 1095 1222 Romuleus
1116 1188 1181 1222 124
1201 1199 1227 1223 r.
1251 1189 1300 1222 15.

321 1243 358 1279 C.
385 1244 507 1279 XXIII
526 1244 612 1285 2363
640 1244 850 1279 Romul-aris
877 1246 942 1280 165
967 1256 996 1280 r.
1025 1246 1100 1280 107.

275 1300 409 1336 Roscia
446 1303 549 1343 89‚15
588 1301 728 1336 Sidonii
765 1302 853 1344 tilia.
915 1301 1115 1337 Severiana
1160 1302 1301 1337 Sidonii

316 1359 397 1401 filia
431 1361 552 1402 36,15‚
597 1370 750 1404 quamam
785 1359 980 1404 composuit
1019 1360 1187 1394 dubitans
1225 1360 1300 1394 Sir-

319 1417 472 1451 mondus
497 1429 604 1461 quam
630 1420 797 1452 memorat
812 1417 937 1452 Aritas
955 1428 1069 1461 poem.
1095 1419 1174 1457 6356
1201 1417 1298 1452 Sere-

318 1474 463 1509 rianam
481 1478 635 1510 niatrem.
674 1475 908 1520 Apollinaris,
937 1474 1081 1509 Sidonii-
1095 1475 1174 1519 filii,
1199 1486 1300 1509 soror

319 1532 466 1568 Alcima
488 1537 704 1568 memoratur
721 1531 822 1577 apud
836 1532 1042 1577 Greyoriam
1060 1532 1297 1566 Turonensem

316 1589 396 1624 hist.
415 1590 554 1626 Franc.
572 1592 640 1632 32.
660 1593 717 1632 12;
740 1591 827 1635 ylor.
845 1593 948 1625 mco-t.
970 1601 997 1625 c.
1015 1595 1069 1625 64.
1112 1590 1198 1625 Tria
1215 1590 1299 1625 haec

316 1647 464 1682 nomina
480 1659 569 1683 ‘num
587 1649 722 1692 suerint
747 1649 857 1683 trium
874 1648 1062 1683 mulierum
1080 1649 1129 1683 rel
1143 1648 1298 1683 duarum

316 1705 367 1739 rel
390 1705 478 1741 adeo
502 1707 625 1751 unius,
652 1707 850 1752 iynoratur.

224 1763 246 1805 †
271 1762 427 1798 Rufinus
451 1765 554 1806 5528
579 1768 718 1799 auctor.
770 1764 824 1807 Cf.
853 1763 1041 1809 Origenes.

271 1819 454 1858 Ruricius.
490 1822 551 1856 Ad
575 1833 653 1857 eum
675 1832 739 1858 scr.
758 1821 845 1857 VIII
861 1822 913 1857 10.
949 1822 1005 1856 De
1028 1821 1105 1866 ipso
1130 1832 1158 1856 r.
1179 1821 1295 1865 praef.

272 1878 492 1914 Rusticiana
517 1880 597 1921 353
621 1890 716 1914 uxor
743 1879 956 1924 Symmachi.

271 1935 446 1972 Rusticus
471 1937 598 1979 272‚34
616 1937 809 1982 presbyter.

269 1993 444 2029 Rusticus
467 1995 672 2040 (Rusticius
686 2007 716 2030 r.
734 1995 756 2030 l.
773 1995 807 2029 II
826 1995 892 2038 11).
927 1993 989 2028 Ad
1003 2004 1083 2028 eum
1103 2003 1166 2028 scr.
1192 1993 1225 2028 11
1240 1994 1294 2028 11.

317 2052 384 2086 140
401 2063 430 2086 r.
448 2053 493 2088 36
519 2052 804 2098 Burdiyalensis.

269 2108 454 2145 Rusticus.
498 2109 558 2144 Ad
583 2121 664 2145 eum
687 2120 750 2145 scr.
778 2110 822 2144 R.
847 2110 954 2144 1120.
973 2110 1029 2145 53.
1073 2107 1294 2143 Piscationis

314 2167 353 2201 in
375 2167 505 2203 Visera
529 2168 685 2213 (Visere,
701 2168 803 2203 dioec.
823 2166 1095 2211 Lemocieensis)
1113 2176 1294 2211 possessor

312 2225 449 2267 34627.

268 2282 443 2318 Rusticus
463 2286 569 2327 pater
591 2283 705 2325 84‚11.
741 2282 998 2327 Iacydunensis
1023 2282 1206 2326 episcopus
1229 2281 1294 2315 sub

311 2339 479 2375 Honorio
497 2341 662 2386 pericula
686 2341 848 2376 incurrit.
895 2340 955 2375 Ad
980 2351 1061 2375 emn
1083 2339 1190 2382 refert
1216 2338 1292 2373 Sir-

311 2397 465 2433 mondus
489 2399 603 2434 locum
636 2397 676 2433 F
674 2398 816 2443 riyeridi
848 2398 949 2443 apud
975 2397 1185 2442 Greyorium
1214 2396 1291 2430 hist.

313 2455 354 2490 F
351 2467 454 2492 ranc.
463 2456 518 2498 22
531 2459 737 2500 spectantem
749 2456 798 2490 ad
810 2467 864 2491 res
875 2459 991 2501 yestas
1000 2466 1066 2500 per
1081 2466 1114 2490 a.
1124 2459 1200 2490 410.
1209 2460 1269 2488 411
1285 2467 1291 2488 :

313 2514 496 2550 Constans
522 2516 560 2548 et
585 2514 795 2559 praefectus
820 2513 895 2548 iam
914 2513 1099 2549 Decimius
1118 2512 1292 2547 Rusticus

311 2582 356 2607 ex
374 2572 578 2608 officiorum
597 2572 777 2618 magistro
797 2573 933 2617 petunt
950 2570 1092 2606 Gallias
1111 2598 1118 2605 .
1136 2597 1143 2606 .
1159 2597 1167 2605 .
1186 2581 1292 2616 prae-

311 2630 430 2665 fectus
462 2632 706 2675 tyrannorum
743 2629 992 2674 (Constantini
1016 2632 1045 2663 et
1072 2627 1292 2672 Constantis)

310 2687 497 2723 Decimius
514 2688 690 2724 Rusticus
716 2717 723 2725 .
738 2716 746 2724 .
762 2715 769 2723 .
786 2716 793 2724 .
819 2687 1005 2732 multique
1022 2686 1165 2721 nobiles
1190 2686 1290 2732 apud

310 2747 495 2781 Arvernos
526 2746 628 2792 capti
662 2758 685 2781 a
715 2745 871 2781 ducibus
904 2744 1131 2779 Honorianis
1162 2743 1290 2779 crude-

311 2803 399 2839 liter
431 2804 649 2849 interempti
679 2805 778 2839 sunt.
827 2804 879 2838 At
912 2802 1140 2848 siyniftcatur
1169 2801 1290 2846 potius

313 2861 502 2897 Rusticius
535 2863 567 2897 is
591 2862 652 2907 qui
679 2862 720 2896 in
743 2861 880 2907 nuptiis
904 2860 1066 2903 Athaulfi
1098 2860 1188 2904 reyis
1220 2858 1288 2894 Go-

307 2919 447 2954 thorum
465 2923 496 2955 et
514 2919 701 2955 Placidiae
717 2931 751 2955 a.
765 2925 829 2954 414
845 2917 1023 2954 celebratis
1036 2916 1206 2952 Narbone
1219 2917 1288 2961 epi-

309 2977 517 3012 thalamium
539 2977 647 3013 edidit
672 2981 752 3013 teste
778 2975 1028 3022 Olympiodoro
1051 2976 1099 3018 fr.
1117 2975 1163 3010 24
1180 2975 1287 3010 Mau.

307 3055 352 3060 —-
367 3035 573 3081 Epistulam
588 3036 723 3071 Gelasii
731 3045 855 3080 papae
866 3033 1024 3069 Romani
1035 3032 1086 3068 ad
1097 3032 1287 3068 Rusticum

307 3093 405 3128 hune
429 3105 464 3129 a.
483 3099 554 3130 494
569 3103 658 3138 quae
674 3093 802 3137 incipit
818 3092 918 3127 inter
934 3091 1190 3137 ingruentium
1209 3102 1286 3125 ma-

307 3151 427 3186 lorum
456 3152 625 3187 turbines
656 3151 787 3186 editam
811 3162 835 3185 a
859 3149 1046 3194 Dacheryo
1074 3149 1194 3191 fictam
1218 3159 1286 3183 esse

306 3209 350 3243 ab
374 3209 550 3254 Viyniewio
574 3208 825 3244 demonstrarit
848 3217 966 3252 nuper
990 3206 1162 3241 Hae-etus.

259 3266 434 3302 Rusticus
466 3268 568 3310 8428
598 3267 697 3311 filius
724 3265 973 3311 maecedentis.
1036 3263 1219 3298 Tribunus
1255 3267 1283 3298 et

304 3325 472 3360 notarius
503 3326 570 3360 sub
601 3324 781 3368 Honorio,
810 3332 953 3367 praeses
980 3322 1189 3367 provinciae
1217 3322 1283 3357 sub

312 3382 572 3418 Valentiniano
597 3382 671 3418 III.
696 3382 811 3424 84,16.

259 3439 484 3475 Sabinianus
507 3440 622 3483 4422.
672 3439 811 3474 Posteri
834 3439 910 3474 eius
937 3437 1095 3473 Galliam
1119 3439 1258 3473 remant.

258 3497 419 3532 Sabinus
442 3498 536 3533 inter
559 3498 710 3533 maiores
735 3496 910 3541 Eutropii
933 3495 1047 3538 4421.

259 3555 448 3591 Sacerdos,
464 3555 525 3590 Ad
533 3555 845 3590 eumetIustinum
853 3565 916 3590 scr.
931 3553 1028 3590 V21.
1047 3553 1097 3597 Cf.
1107 3553 1282 3588 Iustinus.

258 3617 495 3664 Sagittarius.
543 3618 605 3653 Ad
627 3629 706 3654 eum
729 3629 798 3655 scr.
820 3618 902 3654 114.

258 3685 486 3732 [Sallustius]
512 3683 662 3729 Crispus
687 3683 799 3726 7926.
834 3684 871 3720 C.
897 3685 935 3720 ΙΙ
951 3684 1027 3720 190.
1059 3683 1183 3719 XXIII
1200 3683 1282 3722 152;
1315 3649 1320 3786 Ι

305 3745 556 3782 Sallustianus
584 3745 718 3789 156‚13.

2364 222 2444 260 435

1378 329 1401 369 †
1427 328 1598 362 Salomon
1640 331 1770 368 11⁴5,st
1818 331 1959 370 :32‘2,11:
2003 331 2210 366 Salomonis
2259 332 2445 367 sententia

1470 387 1604 425 33:334.
1631 388 1772 425 3:192&
1800 388 2078 423 Salomoniucus
2105 390 2150 424 70
2176 401 2201 424 r.
2233 390 2283 425 13.

1423 442 1605 476 Salonius.
1642 444 1869 479 ,idemus-172
1887 445 1950 479 Vll
1970 448 2019 482 Is».
2052 447 2207 480 (vi-ricus.-
2226 447 2444 483 Viennensis,

1424 497 1549 533 Samia
1574 501 1675 539 2219
1700 502 1759 535 ἀπ’
1790 501 1968 545 'li-renum.

1423 557 1678 591 Sammonicus
1704 560 1860 592 Serenus
1885 561 1986 598 2:3:3,‹;
2007 564 2121 603 poeta.

1377 615 1397 655 †
1424 614 1570 648 Samuel
1599 616 1636 650 (J.
1666 614 1746 649 XVI
1763 618 1817 650 ⁸8.

1423 671 1628 716 Sapaudus.
1656 672 1714 706 Aa
1732 683 1810 706 cum
1828 673 1990 708 rhetmvm
2009 685 2073 709 scr.
2094 675 2121 708 V
2143 677 2193 709 10.
2223 676 2280 710 Ad
2296 677 2441 710 eunde-m

1467 730 1573 763 civem
1610 729 1834 764 Viwmensem
1867 731 2000 765 ridetur
2030 731 2159 766 directa
2195 744 2262 764 ons-sa·
2292 733 2442 776 epistula

1470 787 1667 821 (Vmida'am'
1694 788 1862 822 Mamm-ei
1883 789 2016 832 scripta
2042 789 2254 823 doctissimo
2282 790 2358 824 vir«,
2380 793 2444 824 Sa—

1469 843 1591 888 paudo
1618 844 1755 880 rhetori
1783 847 1831 889 (p.
1850 851 1917 880 203
1941 846 1991 882 cd.
2019 846 2273 891 Jcnqclbreehm.

1421 903 1539 945 Sapor
1564 904 1600 936 C.
1627 902 1752 937 11457.
1780 903 1846 938 VII
1864 906 1908 937 {³8
1933 904 2050 948 quiris
2074 915 2136 939 rese
2163 905 2361 939 Persarum.

1421 959 1629 1003 Sappliicus
1657 960 1788 996 14120.
1817 962 1878 996 171
1901 973 1926 995 r.
1947 963 2002 997 33».

1374 1015 1542 1058 ‘slsum-a:
1577 1017 1685 1052 Sarra
1725 1019 1857 1056 14:216.
1896 1020 2032 1061 324,st

1468 1074 1611 1108 Ruricii
1642 1076 1777 1115 2685}st
1803 1076 1938 1114 Quam.
1990 1078 2040 1119 (Υ.
2070 1077 2230 1112 Ililwria.

1419 1131 1712 1177 Sardanapallus
1737 1134 1774 1167 (ἲ.
1801 1133 1847 1167 IX
1865 1134 1928 1173 *ΖΕΗ
1956 1134 2282 1180 Sardanapallicum
2308 1137 2419 1172 37:2⁸.

1373 1191 1393 1231 †
1419 1189 1590 1224 Sarmata
1616 1191 1652 1225 C.
1680 1190 1764 1224 XVI
1784 1190 1845 1225 101
1875 1192 2075 1227 monachus.

1419 1246 1595 1281 Saturnia
1621 1247 1657 1282 (J.
1686 1248 1844 1283 V111⁴22.

1418 1304 1669 1349 Saturnigena
1695 1305 1731 1340 C.
1762 1305 1807 1340 IX
1828 1307 1904 1341 1:35.

1419 1362 1642 1397 Saturninus
1669 1374 1696 1396 r.
1724 1363 1914 1397 Fullonius
1941 1364 2174 1400 Saturninus.

1372 1422 1392 1463 †
1419 1420 1641 1455 Saturninus
1661 1421 1726 1455 172
1746 1432 1771 1454 r.
1789 1422 1902 1464 G5seq.
1923 1426 2068 1467 martyr,
2085 1423 2269 1467 episcopus
2289 1424 2440 1458 Tolosae.

1465 1477 1515 1520 (Y.
1542 1477 1622 1511 Vita
1648 1479 1681 1512 S.
1700 1478 1893 1512 Satiwnini
1917 1490 1943 1513 c.
1961 1485 1981 1512 Γ»
2006 1479 2197 1524 (Raima-t,
2225 1482 2314 1515 Acta
2340 1485 2440 1516 ηψπ-1.

1463 1534 1512 1569 ed.
1530 1535 1657 1579 Ratp.
1672 1539 1761 1580 1730:
1780 1536 1968 1570 Postrema
1983 1537 2079 1571 enim
2097 1540 2202 1582 parte
2218 1539 2315 1572 l'unis
2331 1539 2440 1577 illius,

1462 1604 1557 1637 quae
1575 1592 1622 1627 ad
1637 1593 1842 1638 posteriora
1859 1594 1957 1628 tauri
1977 1594 2092 1639 ipsius
2107 1595 2303 1637 defluebat,
2322 1597 2438 1631 sant-ti

1463 1650 1531 1685 viri
1546 1650 1658 1695 pedes
1672 1650 1837 1695 inligant
1850 1654 2049 1697 actumque
2064 1653 2224 1688 stimulis
2238 1654 2440 1689 acrioribus

1462 1709 1611 1742 taurum
1644 1708 1688 1742 de
1714 1709 1893 1754 superiori
1921 1709 2089 1754 capitolii
2124 1713 2229 1756 parte
2262 1712 2299 1746 in
2327 1712 2440 1756 plana

1460 1766 1721 1811 praecipitant.
1756 1767 1831 1802 Nec
1850 1778 1952 1802 mora
1971 1767 2068 1802 inter
2087 1768 2223 1813 primos
2241 1769 2437 1804 ‹loscensus

1461 1824 1576 1869 ipsius
1601 1825 1738 1869 gradus
1760 1825 1883 1870 rapite
1902 1825 2029 1860 colliso
2049 1826 2270 1871 cerebroque
2289 1839 2439 1862 excusso

1459 1883 1497 1916 ct
1527 1881 1625 1916 omni
1661 1882 1906 1917 membrorum
1942 1885 2047 1928 parte
2083 1895 2235 1930 corpore
2264 1886 2438 1927 lacerato,

1459 1938 1612 1984 dignam
1631 1939 1698 1975 deo
1717 1940 1880 1975 animam
1899 1940 2064 1976 Christus
2084 1943 2240 1988 excepit,
2267 1946 2308 1977 ut
2326 1956 2437 1988 quam

1459 2009 1525 2042 pro
1551 1997 1700 2032 nomine
1727 2009 1791 2032 suo
1810 1998 1969 2033 fideliter
1986 1999 2224 2035 dimicantem
2244 2002 2438 2047 suppliciis

1458 2055 1558 2090 furor
1587 2055 1742 2101 gentilis
1768 2058 1988 2099 extorserat,
2023 2057 2097 2092 suis
2132 2061 2216 2103 post
2242 2059 2433 2094 victoriam

1458 2113 1592 2148 laureis
1618 2116 1821 2149 coronaret.

1412 2172 1593 2205 Saturnus
1618 2172 1731 2208 8328.
1759 2172 1869 2213 1427.
1897 2174 1933 2207 U.
1960 2173 2096 2208 V1132.
2124 2174 2172 2208 IX
2197 2175 2273 2209 170.

1412 2228 1536 2272 Satyri
1563 2229 1601 2264 C.
1627 2229 1710 2263 113.
1738 2229 1807 2264 VII
1821 2230 1875 2264 33.
1902 2230 2005 2264 XXII
2023 2232 2075 2265 13.
2094 2233 2148 2266 37.

1365 2287 1385 2329 †
1414 2285 1558 2327 Saulus,
1584 2286 1606 2320 i.
1625 2297 1651 2320 e.
1679 2287 1825 2321 Paulus
1848 2289 2029 2331 apostolus
2054 2290 2190 2330 29331.

1411 2343 1586 2389 [Cassius]
1626 2344 1765 2380 Scaeva
1809 2345 1846 2379 C.
1877 2346 1999 2381 XXIII
2025 2348 2080 2382 84.
2152 2346 2202 2389 Cf.
2242 2347 2436 2381 iS'uelonius

1459 2401 1558 2436 Caes.
1583 2404 1637 2437 68.

1410 2458 1588 2494 Scaevola
1613 2460 1650 2495 C.
1676 2459 1707 2493 V
1728 2460 1782 2494 77.

1410 2517 1585 2552 Schoenis
1612 2519 1670 2561 (=
1689 2517 1875 2562 Atalante)
1902 2518 1940 2554 C.
1967 2518 2052 2554 XIV
2068 2520 2122 2554 15.

1411 2574 1474 2610 Cn.
1509 2579 1540 2610 et
1566 2575 1610 2610 P.
1636 2575 1818 2620 Scipiones
1848 2586 1912 2610 cos.
1947 2588 1979 2611 a.
2008 2580 2089 2611 532.
2115 2581 2177 2612 :336
2200 2590 2206 2611 :
2240 2577 2431 2622 Scipiades

1456 2633 1492 2668 C.
1522 2633 1682 2669 V11555.
1708 2633 1757 2667 IX
1772 2633 1850 2668 248.

2093 1022 2202 1054 Sarra
2245 1021 2306 1053 tua
2351 1031 2443 1054 uror

1408 2690 1532 2736 Scipio
1559 2690 1812 2726 Numantinus
1841 2691 1977 2733 1421&
2005 2691 2130 2737 Scipio
2157 2692 2194 2726 C.
2223 2692 2321 2727 V87.

1408 2748 1546 2794 Scopas
1571 2749 1608 2784 C.
1635 2749 1758 2783 XXIII
1774 2749 1853 2784 504.

1407 2806 1532 2850 Scylla
1558 2807 1670 2848 1145.
1697 2806 1734 2841 C.
1762 2806 1811 2840 IX
1828 2808 1903 2842 165.
1930 2806 1981 2841 XI
1999 2808 2053 2841 68.

1408 2863 1647 2899 Sebastianus
1663 2864 1700 2899 C.
1715 2864 1763 2898 IX
1779 2864 1858 2899 280.
1891 2864 2006 2899 Gener
2023 2864 2202 2908 Bonifatii
2214 2864 2254 2898 in
2266 2865 2428 2908 Africam

1453 2932 1532 2956 eum
1557 2925 1697 2956 secutus
1721 2934 1755 2956 a.
1774 2927 1859 2965 4:325
1884 2922 1929 2965 cf.
1957 2921 2106 2956 Idacius
2131 2922 2181 2956 ml
2204 2934 2237 2956 a.
2258 2927 2331 2957 1131.

1406 2978 1647 3015 Secundinus.
1707 2979 1769 3014 Ad
1805 2990 1883 3014 cum
1914 2990 1977 3014 scr.
2013 2979 2096 3015 Vs.
2131 2980 2244 3021 3321.
2293 2981 2429 3014 Auctor

1450 3037 1673 3081 epithalamii
1690 3040 1722 3071 et
1739 3037 1910 3072 carminis·
1926 3037 1966 3071 in
1983 3037 2199 3071 renationem
2216 3038 2303 3081 reyis
2315 3039 2427 3079 8:3,19.

1449 3094 1688 3139 Epiyramma
1712 3095 1787 3130 eius
1810 3095 2010 3139 eacpositum
2028 3094 2203 3139 Layduni
2224 3095 2265 3129 in
2290 3096 2427 3130 ecclesia

1450 3153 1563 3194 3321.

1403 3209 1440 3244 C.
1468 3209 1613 3244 Plinius
1639 3210 1829 3246 Secundus
1856 3222 1883 3245 r.
1910 3209 2066 3245 Plinius.

1403 3272 1602 3309 Secundus.
1652 3273 1712 3308 Ad
1741 3284 1820 3308 eum
1855 3284 1921 3309 scr.
1955 3274 2007 3309 III
2029 3274 2082 3308 12.

1443 3331 1624 3375 patruelis
1647 3331 1747 3375 silius
1770 3332 1882 3374 47,11.
1907 3331 1996 3373 48,8.

1402 3393 1559 3429 Sedatus
1590 3395 1773 3440 episcopus
1810 3394 1860 3429 ad
1892 3394 2085 3429 Ruricium
2116 3392 2232 3428 scribit
2264 3393 2336 3428 FA.
2363 3392 2424 3427 IX.

1446 3451 1489 3487 X.
1516 3452 1604 3487 XIII
1630 3454 1720 3497 (qua
1747 3452 1899 3487 Ruricio
1924 3452 1968 3487 R.
1985 3451 2079 3486 1135
2103 3450 2312 3495 respondet).
2362 3449 2425 3484 Ad

1447 3520 1527 3544 eum
1543 3519 1609 3544 scr.
1625 3509 1667 3544 R.
1685 3510 1721 3545 II
1736 3510 1845 3545 18.19
1868 3510 2002 3553 (versus
2018 3512 2103 3543 sunt
2118 3507 2422 3554 hendecasyllabi).

1445 3567 1501 3602 34.
1531 3568 1577 3602 35
1609 3567 1698 3611 (qua
1735 3566 1865 3601 Sedato
1898 3567 1969 3602 FA.
2003 3566 2053 3601 IX
2086 3565 2297 3610 respondet).
2361 3565 2424 3600 Vir

1444 3625 1609 3659 robustus
1639 3628 1670 3659 et
1700 3624 1923 3669 ponderosus
1953 3623 2089 3666 338,14.
2143 3623 2290 3669 Synodo
2320 3622 2422 3657 Tolo-

1446 3693 1558 3718 sanae
1580 3683 1723 3717 interest
1740 3682 1853 3723 2735).
1891 3681 2042 3717 Sedatus
2059 3681 2247 3726 episcopus
2263 3680 2307 3715 Ν
2305 3691 2422 3715 emau-

1447 3741 1556 3776 sensis
1579 3752 1612 3775 α.
1630 3744 1699 3775 506
1715 3739 1847 3786 ⁴‹tynodo
1859 3739 2054 3785 Ayathensi
2076 3738 2292 3784 subscripsit.
2327 3739 2423 3773 Eius

2134 3272 2275 3307 Sidonii
2298 3271 2427 3315 fratris

2071 3844 2146 3880 55*
