2583 4011
1040 168 1086 202 lx
1115 180 1145 202 v.
1166 168 1232 202 2:30
1261 188 1299 192 -
1328 181 1357 201 v.
1377 169 1454 202 315.
2272 169 2352 206 225

705 298 788 324 non
823 283 1051 325 Pelusiaco
1083 288 1202 324 satus
1236 283 1428 338 Canopo.

611 362 660 385 “⁷³
705 353 776 408 qui
809 352 1047 407 ferruginei
1082 356 1199 392 toros
1232 352 1374 392 mariti

703 428 746 463 et
779 422 905 463 Musa
937 421 1053 462 canit
1086 420 1246 462 inferos
1281 435 1483 476 superna,

705 505 783 532 nee
817 491 886 546 qui
920 491 1004 531 iam
1037 489 1230 545 patribus
1264 490 1386 531 fuere
1421 491 1579 530 nostris

705 560 844 616 primo
877 565 1073 616 tempore
1107 558 1285 600 maximi
1320 558 1509 607 sodales,

705 643 884 684 quorum
919 644 1028 670 unus
1062 628 1328 669 Bonifatium
1363 633 1541 669 secutus

611 711 659 733 ’Μ
706 714 784 741 nee
818 713 902 740 non
935 698 1220 754 praeeipitem
1256 697 1563 739 Sebastianum

704 771 873 812 natales
906 785 1015 826 puer
1048 770 1214 811 horruit
1248 769 1471 811 vadio-cos

704 841 799 896 plus
834 839 1097 881 Pandionias
1130 854 1279 881 amans
1311 839 1526 881 Athenas:

706 910 828 951 euius
862 910 898 950 si
933 909 1096 950 varium
1133 910 1253 963 legas
1287 923 1457 964 poema.

705 985 807 1021 tune
846 979 1071 1022 Phoebum
1111 980 1176 1020 vel
1219 979 1435 1034 Hyantias
1481 979 1647 1034 puellas

622 1060 661 1080 ¹⁸⁰·
706 1055 853 1106 potata
885 1050 1081 1092 madidas
1114 1051 1168 1091 ab
1202 1050 1498 1106 Hippocrene,

706 1124 807 1160 tune
841 1119 1087 1175 Amphiona
1121 1120 1342 1174 filiumque
1376 1119 1531 1160 Maiae.

708 1194 809 1230 tunc
844 1193 987 1230 vatem
1020 1188 1321 1244 Rhodopeium
1357 1203 1512 1230 sonare

707 1259 863 1300 collato
896 1258 1191 1299 modulamine
1225 1258 1466 1300 arbitreris.

769 1327 867 1368 Non
901 1332 947 1368 tu
979 1327 1047 1368 hic
1079 1341 1192 1368 nune
1226 1327 1386 1381 legeris
1421 1331 1629 1382 tuumque
1664 1326 1843 1369 fulmen.

614 1409 664 1430 2¹³0
709 1412 732 1437 o
766 1397 1022 1452 dignissime
1055 1397 1318 1445 Quintianus
1352 1397 1474 1437 alter.

707 1480 918 1522 spernens
951 1465 1023 1521 qui
1054 1466 1262 1521 Ligurum
1296 1466 1436 1506 solum
1470 1469 1513 1506 et
1546 1469 1731 1520 penates

707 1538 871 1576 mutato
904 1535 995 1577 lare
1029 1534 1197 1576 Gallias
1230 1535 1402 1581 amasti,

708 1605 822 1646 inter
854 1605 1052 1655 classica,
1087 1605 1224 1660 signa,
1258 1605 1359 1660 pila,
1394 1609 1557 1645 turmas

707 1673 888 1716 laudans
920 1674 1098 1716 Aetium
1131 1688 1379 1729 vacansque
1413 1674 1537 1725 libro,

614 1755 663 1778 ’ἐϋ-’τ
708 1745 749 1786 in
783 1744 938 1786 castris
971 1743 1179 1786 hederate
1213 1744 1436 1786 laureatis.

709 1815 783 1856 sed
816 1829 897 1856 nee
929 1815 1083 1856 tertius
1116 1815 1190 1856 ille
1223 1828 1336 1855 nune
1369 1814 1555 1869 legetur.

710 1884 869 1926 Baetin
901 1884 973 1940 qui
1005 1884 1191 1939 patrium
1227 1884 1363 1926 semel
1397 1884 1647 1939 relinquens

712 1953 907 1996 undosae
940 1954 1068 2009 petiit
1101 1954 1215 1995 sitim
1248 1954 1500 2003 Ravennae,

709 2025 907 2080 plosores
942 2024 1010 2064 eui
1043 2023 1253 2079 fulgidam
1288 2023 1480 2071 Quirites

615 2104 665 2127 ³⁰0
709 2098 753 2136 et
786 2107 910 2135 carus
944 2093 1235 2149 popularitate
1269 2093 1474 2149 princeps

708 2163 896 2204 Traiano
930 2167 1116 2204 statuam
1150 2163 1242 2204 foro
1274 2163 1485 2204 locarunt.

773 2233 860 2275 Sed
893 2248 946 2274 ne
980 2238 1026 2274 tu
1058 2233 1163 2274 mihi
1197 2246 1448 2288 comparare
1483 2237 1685 2287 temptes,

711 2318 818 2359 quos
851 2304 985 2344 multo
1018 2303 1159 2344 minor
1190 2303 1283 2359 ipse
1317 2302 1413 2358 plus
1449 2301 1596 2343 adoro.

710 2373 942 2414 Paulinum
981 2372 1318 2427 Ampeliumque
1362 2371 1774 2426 Symmaehumque3

617 2452 666 2474 ³071
704 2441 943 2483 Messalam
975 2441 1141 2496 ingenii
1174 2441 1278 2481 satis
1312 2439 1516 2496 profundi

712 2514 756 2552 et
787 2511 894 2552 nulli
926 2509 1054 2551 modo
1088 2508 1293 2550 Martium
1327 2507 1581 2559 seeundum,

711 2579 884 2622 dieendi
917 2584 1008 2621 arte
1042 2593 1154 2620 nova
1185 2593 1335 2635 parem
1367 2577 1550 2619 vetustis

712 2650 892 2692 Petrum
926 2654 969 2692 et
1001 2663 1097 2690 eum
1130 2648 1322 2704 loquitur
1353 2647 1480 2688 nimis
1516 2645 1792 2702 stupendum,

713 2721 783 2762 vel
815 2734 945 2776 quem
977 2718 1314 2774 municipalibus
1352 2717 1494 2773 poetis

620 2800 671 2823 ³10
714 2789 943 2846 praeponit
976 2789 1086 2830 bene
1110 2788 1302 2830 vilicum
1336 2791 1530 2838 senatus,

714 2865 911 2902 nostrum
945 2864 1020 2901 aut
1052 2873 1159 2915 quos
1194 2859 1352 2900 retinet
1385 2858 1525 2899 solum
1558 2857 1759 2898 disertos,

713 2930 884 2972 dulcem
916 2929 1171 2972 Anthedion
1205 2933 1250 2970 et
1282 2928 1389 2969 mihi
1424 2927 1620 2982 magistri

714 3016 859 3043 musas
893 3005 961 3043 sat
993 2999 1265 3043 venerabiles
1297 2999 1458 3050 Ηοθηί,

715 3085 860 3113 acrem
892 3069 1206 3125 Lampridium,
1240 3073 1385 3110 catum
1416 3068 1613 3110 Leonem

622 3150 671 3174 315
714 3143 1096 3197 praestantemque
1128 3139 1236 3180 tuba
1268 3138 1554 3180 Severianum

293 3325 361 3359 ‘274
379 3327 572 3370 peleusiaco
593 3326 645 3358 Ta
762 3325 829 3360 276
847 3332 945 3359 canet
957 3325 995 3358 F
1107 3323 1172 3357 ‘277
1195 3324 1275 3366 quia
1291 3324 1355 3355 iam
1371 3322 1414 3363 ff,
1439 3323 1552 3365 quiam
1568 3322 1600 3353 P
1714 3319 1782 3353 279
1800 3320 2005 3353 bonifacium
2022 3318 2091 3358 CF,
2108 3318 2321 3349 benefiat-ium
2344 3317 2375 3348 T

157 3384 225 3416 280
250 3385 481 3417 sabastianum
500 3384 533 3416 P
646 3383 712 3417 ‘281
739 3384 915 3416 eadurieos
932 3383 970 3415 F
1080 3381 1149 3415 284
1175 3387 1257 3414 tune
1275 3378 1477 3422 illamam-sen]
1506 3385 1578 3412 tum
1599 3379 1629 3411 T
1627 3378 1702 3420 PF,
1726 3390 1804 3411 eum
1825 3378 1854 3410 O
1920 3376 2065 3408 hiantias
2083 3375 2125 3415 F,
2150 3375 2287 3406 hianeas
2308 3376 2368 3413 Ca,

156 3442 307 3474 hianeias
335 3440 395 3482 Cb,
427 3442 561 3484 yantias
585 3442 622 3482 Τ,
655 3442 794 3485 yaneias
820 3441 852 3474 P
1012 3439 1080 3473 255
1110 3444 1224 3483 potata
1249 3438 1387 3480 sampsi,-
1420 3442 1534 3480 potato
1559 3437 1657 3470 codd.
1823 3434 1890 3467 286
1922 3440 1992 3467 tum
2025 3433 2051 3466 P
2157 3433 2300 3464 amfiona
2328 3431 2366 3471 P,

156 3500 351 3542 amphionia
371 3499 406 3539 O,
429 3500 602 3542 anphiona
619 3500 657 3532 F
728 3511 846 3543 magae
867 3500 902 3539 (ζ’,
928 3500 1034 3531 miaae
1053 3497 1085 3529 P
1211 3494 1279 3528 289
1306 3493 1410 3537 nunc]
1437 3507 1504 3528 non
1530 3494 1595 3526 TF
1714 3493 1782 3527 290
1806 3493 2011 3535 quineianus
2033 3491 2061 3523 C
2182 3488 2249 3521 292
2275 3495 2367 3521 muta

157 3557 301 3590 tolerare
326 3557 437 3590 Gallia
450 3557 491 3597 P,
516 3562 664 3590 mutatas
686 3558 830 3590 tolerare
847 3557 968 3600 gallias
989 3555 1021 3586 T
1138 3551 1206 3586 294
1223 3552 1374 3585 aethium
1391 3551 1461 3592 GT,
1485 3557 1626 3585 aetuum
1641 3552 1674 3584 P
1788 3548 1857 3582 ‘295
1874 3549 2033 3581 hederate
2051 3547 2212 3579 laureatis
2230 3546 2352 3587 scripsi
2360 3558 2369 3583 ;

158 3616 281 3648 hedera
304 3621 356 3648 ter
379 3615 553 3648 laureatus
585 3615 685 3656 TC'F,
715 3616 815 3648 edera
839 3620 890 3648 ter
914 3615 1088 3647 laureatus
1114 3612 1154 3653 P,
1185 3611 1312 3643 hedera
1336 3615 1387 3642 ter
1411 3615 1572 3642 aureatus
1596 3611 1697 3651 vulsso
1839 3605 1905 3639 297
1932 3605 2060 3637 Haetin
2078 3603 2147 3635 PT
2235 3603 2317 3644 quin
2342 3602 2374 3633 T

158 3671 227 3705 302
251 3678 363 3715 teptes
381 3671 414 3703 P
545 3670 614 3704 304
638 3673 904 3715 ampelyumque
922 3671 965 3712 F,
988 3671 1185 3713 ampellium
1204 3668 1236 3700 P
1315 3668 1606 3710 simmaehumque
1626 3668 1661 3708 C,
1686 3666 1955 3709 symachumque
1974 3661 2017 3703 F,
2042 3672 2286 3704 symae-umque
2305 3659 2374 3692 PT

157 3729 225 3764 308
249 3731 467 3772 conloquitur
491 3729 524 3761 P
660 3730 728 3763 313
754 3728 867 3773 hoeni]
895 3731 977 3762 hent
1002 3729 1072 3762 PT
1207 3724 1274 3758 315
1300 3730 1581 3768 pres-tantumque
1608 3725 1640 3756 P

297 3808 466 3843 Slnomus.
2043 3798 2088 3831 29
