2583 4011
133 739 148 762 5

120 1084 150 1108 lu

118 1431 148 1455 15

118 1936 151 1961 20

1074 206 1137 240 vn
1166 208 1185 247 ,3
1212 207 1233 239 5
1259 225 1300 230 —
1329 206 1374 240 xl
1403 209 1422 249 ς
1452 207 1478 240 1.
2293 207 2374 245 ‘273

1245 390 1323 432 IX.

305 492 541 535 DOMINO
576 493 808 534 SANe'ro
842 492 918 534 AC
951 491 1314 534 BEATlSSIMO
1350 492 1423 533 ET
1457 491 1833 532 APosToLICA
1868 492 2253 534 REYEHEN'FIA

673 562 1070 604 SL'stlENDO
1103 561 1299 602 PAPAE
1333 560 1582 602 RUluelo
1617 560 1900 602 SEDATUS.

326 640 459 702 SA'ris
491 659 652 702 credidi
697 666 760 701 et.
803 660 1041 714 quamlibet
1080 660 1200 700 vobis
1241 659 1502 700 laboriosum
1542 662 1674 700 esset.
1719 658 1997 698 veliementer
2034 659 2196 712 optavi.
2243 665 2285 698 ut
2326 658 2377 699 :ul

189 730 496 771 necessitatem
536 730 681 771 istam.
730 742 839 784 quae
880 729 947 769 hic
986 743 1062 769 nos
1102 728 1316 773 exhibuit.
1364 728 1568 768 veniretis
1608 728 1673 768 vel
1724 741 1800 782 per
1839 727 2111 767 occasionem
2160 734 2199 767 et
2249 728 2377 767 lieno-

188 798 420 841 dictionem
454 804 641 840 vestram
675 812 863 839 mererer
895 802 937 838 et
969 797 1232 839 desiderium
1266 811 1490 838 commune.
1525 802 1670 837 mutuo
1706 797 1938 837 satiaretur
1970 803 2165 851 aspectu:
2199 802 2241 837 et
2266 811 2378 837 vere.

185 872 466 923 posteaquam
484 882 551 909 me
574 868 848 922 praesentiae
872 872 1040 908 vestrae
1064 882 1160 923 spes
1184 868 1388 908 frustrata
1413 871 1490 913 est,
1521 866 1639 907 velut
1663 865 1714 907 de
1740 870 1935 906 votorum
1959 865 2145 906 eulmine
2169 865 2375 909 deiectus,

187 961 249 976 *u
279 941 322 978 et
354 937 547 978 laborem
580 937 651 992 qui
683 936 876 977 incubuit
909 942 949 977 et
984 937 1225 978 absentiam
1259 936 1409 977 (10111113
1450 941 1493 977 01
1530 935 1672 976 onmia
1710 935 1863 990 quibus
1903 933 2128 986 aegritudo
2171 933 2379 990 dereptae

189 1006 280 1061 spei
312 1010 355 1047 et
387 1006 585 1047 anxietas
626 1006 868 1046 annullatur
906 1006 947 1046 in
988 1006 1175 1046 animum
1215 1020 1358 1046 meum
1402 1005 1559 1060 paritor
1597 1008 1903 1045 convenerunt.
1965 1009 2008 1044 et
2049 1004 2128 1043 seit
2170 1003 2381 1044 dominus.

189 1074 303 1129 quod
337 1075 371 1115 si
404 1075 514 1116 vires
549 1080 831 1131 suppeterent
863 1082 935 1116 aut
969 1090 1121 1131 parere
1155 1075 1386 1116 desideriis
1410 1074 1565 1115 aetatis
1590 1074 1815 1114 infirmitas
1839 1078 2062 1128 pateretur
2083 1078 2156 1113 aut
2180 1073 2211 1112 si
2236 1078 2383 1114 essent

189 1144 404 1191 animalia,
439 1144 593 1199 quibus
626 1149 792 1185 tantum
824 1145 899 1185 tali
934 1151 1128 1199 tempore
1162 1149 1307 1200 posset
1340 1145 1505 1185 itineris
1538 1143 1755 1199 expediri,
1789 1157 1874 1183 non
1906 1142 2022 1197 prius
2056 1156 2136 1195 ego
2168 1156 2192 1182 a
2225 1141 2380 1182 Tolosa

187 1218 441 1258 reverterer,
484 1227 611 1268 quam
653 1213 935 1255 beatitudinis
970 1218 1135 1254 vestrae
1178 1219 1220 1254 et
1260 1213 1489 1268 singularis
1531 1213 1645 1253 illius
1686 1212 1877 1253 caritatis
1920 1211 2265 1252 benedictionem
2308 1211 2381 1252 de-

187 1281 543 1324 sideratissimam
581 1297 865 1338 promererer.
928 1282 1003 1324 sed
1036 1283 1136 1338 quia
1176 1283 1283 1323 haee
1317 1296 1428 1337 quae
1458 1296 1588 1337 supra
1619 1281 1732 1322 dicta
1767 1285 1864 1321 sunt
1895 1279 2121 1321 desideriis
2155 1281 2382 1327 obsistunt,

185 1365 289 1406 rogo
323 1356 365 1393 et
396 1367 474 1408 per
506 1352 724 1393 Christ-um
757 1366 833 1393 vos
867 1351 1029 1402 adiuro,
1066 1355 1113 1391 ut
1145 1366 1212 1392 me
1244 1351 1365 1391 vobis
1396 1355 1543 1391 vestra
1575 1364 1747 1406 semper
1778 1350 1917 1405 pietas
1950 1353 2263 1405 repraesentet,
2306 1363 2383 1389 nee

186 1421 422 1476 patiamini,
461 1427 508 1462 ut
539 1436 615 1476 pro
649 1421 888 1462 officiorum
920 1420 1122 1462 tarditate
1156 1420 1380 1461 caritatem
1412 1419 1639 1460 imminuat
1670 1423 1744 1460 aut
1777 1420 1959 1460 offuscet
1992 1418 2164 1459 oblivio.
2199 1418 2272 1458 sed
2307 1433 2383 1473 pro

186 1503 275 1539 me,
317 1490 428 1531 sicut
459 1489 603 1531 facere
636 1503 710 1531 vos
745 1493 888 1531 certus
927 1504 1042 1540 sum,
1084 1489 1356 1530 incessanter
1396 1489 1525 1529 oretis
1566 1493 1628 1539 et,
1671 1488 1870 1543 quotiens
1910 1491 2200 1543 opportunum
2243 1487 2384 1528 fuerit.

187 1573 357 1601 servum
390 1563 580 1600 vestrum
612 1574 691 1615 per
717 1559 932 1614 colloquia
963 1559 1204 1600 litterarum
1238 1559 1415 1599 visitare
1449 1557 1701 1613 dignemini.

1262 1755 1316 1796 X.

522 1859 757 1900 DOMINO
792 1858 1024 1900 SANCTO
1057 1859 1133 1899 Ae
1169 1858 1528 1899 BEATISSIMO
1564 1858 1637 1899 ET
1670 1857 2047 1898 APOSTOLls'A

217 1928 609 1970 REVERENTIA
644 1927 1039 1969 SI'SPICIENDO
1071 1927 1268 1968 PAPAE
1301 1927 1376 1968 ΕΤ
1409 1927 1533 1968 MEO
1569 1925 1842 1968 SPECIALI
1874 1925 2036 1967 APUD
2071 1923 2352 1966 DOMlNlJM

847 1996 1128 2040 PATRONO
1161 1997 1410 2039 RURICIO
1444 1995 1730 2038 SEDATUS.

2455 382 2495 426 G

2427 1007 2450 1034 ὗ

326 2076 524 2138 Rsrsui'r
556 2111 624 2138 me
656 2097 770 2137 filius
803 2100 960 2147 noster,
993 2097 1177 2137 salutem
1209 2096 1604 2150 salutationemque
1638 2099 1755 2135 tuam
1786 2094 2004 2143 nuntians,
2039 2107 2114 2148 per
2146 2106 2272 2146 quem
2305 2106 2384 2146 ego
2434 2095 2446 2131 1

190 2179 296 2220 quas
329 2180 415 2206 non
446 2167 584 2207 merui
616 2167 784 2207 litteras
817 2165 937 2218 dedi,
980 2181 1035 2207 ex
1068 2166 1148 2206 1100
1181 2165 1395 2206 desiderio
1426 2179 1520 2205 meo
1554 2164 1849 2214 satisfaciens,
1891 2163 1926 2203 si
1958 2162 2025 2203 vel
2059 2161 2188 2202 officii
2222 2161 2275 2202 ad
2310 2175 2382 2201 vos

189 2235 348 2289 pagina
394 2236 656 2290 perveniret.
725 2237 864 2277 saluto
905 2236 1050 2290 itaque
1093 2235 1322 2291 plurimum
1364 2240 1406 2275 et
1445 2248 1548 2287 rogo
1591 2247 1667 2288 per
1704 2233 1822 2273 illam
1862 2232 2087 2272 caritatem
2129 2245 2238 2285 quae
2278 2230 2380 2271 mihi

117 2310 148 2335 25
190 2303 393 2345 affectum
426 2304 806 2360 dignationemque
848 2311 965 2346 tuam
1004 2305 1190 2350 nuntiat.
1237 2319 1289 2345 ne
1328 2309 1369 2345 te
1410 2304 1574 2359 pigeat,
1620 2302 1818 2357 quotiens
1856 2305 2165 2356 opportunum,
2209 2313 2380 2340 servum

118 2657 152 2682 30

121 3131 154 3156 35

187 2376 307 2413 tuum
340 2373 583 2415 litterarum
615 2388 794 2416 munere
826 2375 1016 2425 visitare,
1050 2374 1150 2428 quia
1181 2378 1318 2414 testor
1349 2372 1498 2423 deum,
1531 2370 1645 2426 quod
1675 2375 1770 2426 post
1802 2369 2094 2425 praesentiam
2128 2373 2244 2409 tuam
2277 2367 2381 2408 nihil

186 2441 291 2482 mihi
316 2441 482 2483 dulcius
507 2447 587 2496 est,
622 2457 750 2498 quam
781 2444 817 2485 si
845 2444 1103 2499 colloquium
1129 2442 1550 2484 desiderantissimae
1576 2440 1751 2495 pietatis
1779 2439 1848 2480 vel
1870 2439 2107 2480 litterarum
2131 2437 2380 2492 dignatione

188 2524 401 2553 meruero.
463 2526 568 2567 rogo
603 2513 733 2554 etiam
766 2518 809 2554 et
841 2513 956 2554 omni
986 2526 1115 2568 prece
1149 2511 1349 2567 deposco,
1382 2515 1429 2551 ut
1460 2524 1537 2565 pro
1571 2523 1652 2560 me,
1685 2509 1798 2550 310111
1829 2508 1972 2549 facere
1996 2521 2073 2548 vos
2097 2512 2239 2548 certus
2272 2520 2379 2557 sum,

190 2580 283 2622 31110
330 2582 574 2624 cessatione
620 2582 891 2624 intercedere
940 2588 983 2624 et
1029 2596 1152 2624 orare
1199 2580 1448 2637 dignemini.
1516 2579 1626 2620 filios
1673 2582 1842 2619 nostros
1891 2581 1933 2618 et
1972 2590 2184 2618 venerans
2224 2580 2267 2617 et
2304 2575 2380 2617 de—

192 2649 384 2691 siderans
417 2651 570 2692 saluto.

1248 2788 1326 2830 XI.

424 2892 660 2935 DOMINO
695 2893 941 2944 SANCTO,
974 2891 1216 2933 MERITIS
1249 2890 1626 2942 BEATISSIMO,
1659 2889 1856 2931 PAPAE
1888 2888 2154 2930 HONORIS

263 2961 461 3003 CULTU
494 2962 890 3004 SUSPICIENDO
923 2961 1125 3009 ATQUE
1158 2959 1533 3002 APOSTOLICO
1565 2958 1759 3010 PATRI,
1792 2957 2028 2999 DOMINO
2060 2957 2309 2999 RURICIO

951 3030 1240 3072 EPISCOPO
1273 3028 1626 3072 EUFRASIUS.

327 3110 555 3177 RJSTQUAM
574 3130 810 3172 taediosam
830 3131 1034 3186 pietatem
1051 3133 1242 3170 vestram
1265 3143 1363 3170 esse
1382 3128 1503 3170 tenui
1522 3142 1692 3169 rumore
1711 3126 1906 3182 cognovi,
1930 3125 2172 3167 Sicharium
2189 3125 2378 3167 baiulum

191 3197 416 3250 destinavi,
448 3204 495 3240 ut
528 3200 793 3242 anxietatem
824 3213 964 3240 meam
995 3197 1047 3239 de
1081 3197 1317 3239 acerbitate
1350 3197 1490 3238 nuntii
1522 3197 1722 3238 celeriter
1753 3196 1967 3247 relevetis,
2001 3195 2102 3250 quia
2135 3195 2213 3235 scit
2235 3193 2379 3235 divina

191 3267 351 3322 pietas,
396 3267 507 3322 quod
549 3272 592 3310 et
628 3269 846 3310 tristitiam
886 3273 929 3309 et
966 3267 1259 3308 infirmitatem
1293 3271 1482 3308 vestram
1522 3279 1607 3306 non
1640 3265 1965 3321 compatientis,
2011 3264 2088 3306 sed
2119 3263 2378 3319 perferentis

327 3417 345 3450 1
372 3416 434 3461 IX]
459 3418 496 3451 in
519 3430 582 3461 my.
601 3430 665 3451 scr.
688 3419 734 3451 G:
769 3418 896 3452 Sedato
921 3417 1096 3460 respondit
1119 3417 1280 3449 Ruricius
1304 3416 1359 3456 II,
1383 3417 1438 3456 35,
1464 3415 1604 3448 Ruricio
1631 3416 1779 3450 sedatus
1803 3417 1900 3459 infra
1924 3428 1978 3448 nr.
1998 3415 2103 3447 XIII
2227 3413 2248 3445 3
2273 3415 2378 3457 suspi-

192 3474 324 3518 ciendo]
362 3476 498 3518 scripsi,
541 3477 754 3520 suscipiendo
789 3478 818 3509 G
1001 3475 1023 3508 4
1060 3473 1257 3518 quamlibet]
1295 3475 1432 3517 scripsi,
1470 3487 1571 3518 quam
1608 3476 1709 3508 habet
1743 3475 1788 3515 G,
1823 3485 1923 3516 quam
1960 3474 2085 3505 habere
2121 3473 2184 3505 iter
2224 3472 2379 3504 Uannius

192 3531 212 3565 7
237 3534 381 3565 frustata
408 3534 438 3565 G
595 3532 616 3566 8
642 3535 697 3567 odi
723 3535 775 3567 vel
804 3535 937 3567 fastidio
963 3534 1177 3566 desideratur
1292 3533 1482 3565 asententia
1510 3533 1540 3565 G
1702 3531 1747 3565 10
1770 3537 1897 3565 aetates
1926 3530 1956 3562 G
2119 3529 2157 3561 11
2184 3529 2320 3561 itineres
2349 3528 2378 3560 G

190 3590 330 3631 tholosa,
356 3602 380 3622 8.
402 3591 423 3622 l.
441 3591 464 3622 h
486 3591 515 3623 G
623 3590 666 3624 12
691 3593 916 3625 beatitudines
937 3592 967 3624 G
1083 3589 1125 3622 18
1150 3589 1194 3633 X]
1212 3590 1249 3622 in
1266 3601 1330 3631 mss.
1348 3589 1509 3631 scriptum
1525 3591 1606 3633 fere
1630 3589 1764 3622 evanuit
1787 3589 1816 3621 G
1933 3586 1977 3619 20
2002 3583 2226 3629 suspiciendo]
2247 3585 2376 3627 scripsi,

190 3648 404 3691 suscipiendo
426 3648 456 3680 G
569 3647 614 3681 23
637 3649 776 3682 litteras.
814 3649 900 3682 Dedi
917 3660 960 3682 ex
978 3649 1042 3681 hoc
1059 3647 1231 3690 distinguit
1251 3647 1281 3679 G
1295 3659 1303 3678 :
1327 3647 1455 3679 scribas
1471 3647 1602 3680 litteras
1619 3647 1735 3690 accepi
1751 3651 1784 3679 et
1800 3646 1860 3678 has
1876 3645 2005 3678 reddidi
2120 3642 2160 3675 31
2182 3642 2244 3685 XI]
2261 3643 2297 3675 in
2313 3655 2377 3685 my.

191 3716 254 3737 scr.
272 3705 318 3737 G:
341 3705 504 3738 Ruricius
525 3705 580 3747 II,
598 3708 640 3738 22
657 3707 830 3749 respondit
943 3705 987 3739 33
1009 3706 1130 3738 domno
1148 3704 1178 3737 G
1290 3702 1336 3736 35
1354 3702 1544 3747 postquam]
1566 3704 1696 3746 scripsi,
1712 3704 1750 3745 P,
1774 3708 1882 3735 cetera
1905 3707 2112 3734 evanuerunt
2129 3702 2159 3733 G
2228 3705 2329 3733 tenue
2349 3700 2378 3732 G

189 3761 389 3805 sicharium]
416 3763 547 3805 scripsi,
572 3764 630 3796 sed
653 3764 774 3796 harum
803 3764 832 3796 G
970 3762 1012 3796 37
1039 3763 1245 3806 perferentes
1274 3762 1303 3795 G

328 3839 498 3875 Smomus.
2061 3838 2106 3872 35

2428 2232 2451 2269 2
