2583 4011
1098 224 1368 258 MoMMsrlxl.
2213 223 2322 254 xmx

130 347 297 401 focclcra
327 348 491 387 statuta
521 356 740 397 rcyiwruin
776 355 861 382 sese
901 341 1072 381 invicem
1108 338 1414 380 acuculanliuin
1451 338 1524 378 lem:
1563 341 1739 388 lt'!llJ)())‘{l
1770 338 1906 377 dmum
1940 352 2016 388 μιν·
2057 337 2336 377 «mentelianus

131 416 411 458 discordiosas
451 412 659 465 ancipitia
692 410 822 451 rcilcli.
893 409 999 450 Post
1041 410 1192 463 longas
1233 422 1374 448 moras
1414 405 1587 447 tandem
1629 405 1754 446 rediit
1788 407 2008 446 Arvernos
2041 409 2157 458 (170,
2185 408 2250 458 w)
2295 411 2335 445 et

133 483 365 527 sacerdotii
398 482 551 524 officiis
584 481 727 522 denuo
761 479 882 534 fungi
917 478 1080 534 coepit;
1115 477 1167 518 de
1200 476 1348 530 litigiis
1372 480 1516 515 autem
1541 476 1630 515 eius
1654 489 1748 515 vum
1773 475 1941 514 clericis
1965 489 2073 529 quae
2097 474 2335 527 Gregorius

132 554 263 597 refert
294 565 447 608 parum
480 549 719 596 credibilia,
763 562 819 589 ex
861 547 1061 602 epistulis
1101 546 1240 586 lucem
1274 558 1357 585 non
1390 543 1622 598 accipiunt.
1657 567 1709 572 —
1743 542 1830 582 Sed
1872 542 1976 583 haec
2016 543 2168 582 melius
2211 543 2335 582 intel-

132 623 334 677 legentur
362 635 418 662 ex
445 623 684 675 conspeetu
706 631 833 673 quem
858 616 1022 657 subieci
1051 615 1331 670 epistularum
1356 613 1567 654 editarum
1601 626 1678 668 per
1706 611 1866 665 gradus
1901 613 1972 653 itu.
2007 619 2051 652 ut
2086 612 2135 651 iis
2160 612 2337 652 ducibus

132 690 322 733 auctoris
363 690 481 731 vices
520 688 574 730 ab
617 701 654 728 a.
687 688 779 728 fere
812 687 893 727 467
936 685 1212 740 aliquatenus
1263 682 1463 738 persequi
1512 681 1744 737 possimus.
1823 681 1908 721 lam
1955 695 2070 721 cum.
2119 688 2158 720 ut
2210 695 2337 736 supra

61 800 70 807 ,
132 759 394 811 rettulimus,
426 759 469 800 in
501 757 639 799 ultimi
670 756 769 798 libri
802 770 870 812 ep.
902 756 948 795 12
978 754 1167 796 carmina
1199 753 1317 794 nulla
1349 752 1508 793 scribat
1540 766 1586 792 se
1610 750 1798 791 edidisse
1832 765 1910 805 per
1942 755 2028 790 tres
2052 749 2336 804 olynipiadvs.

132 828 416 871 Anthemium
447 831 593 868 autem
626 826 814 867 carmine
839 824 1072 866 celebrarit
1104 823 1145 864 k.
1170 822 1260 863 Ian.
1295 836 1332 864 a.
1358 824 1452 865 465.
1486 820 1682 862 ducimur
1715 821 1773 861 ita
1797 819 1849 861 ad
1874 835 1910 859 a.
1940 820 2029 859 fere
2055 821 2147 858 171).
2211 819 2336 858 Simi-

132 899 232 940 liter
263 898 306 939 in
339 897 535 939 eiusdem
567 896 666 937 libri
699 894 887 951 epistula
919 907 1032 934 nona
1063 892 1162 934 anni
1196 895 1478 932 numerantur
1502 890 1652 944 viginti
1686 904 1710 929 a
1740 888 1976 929 Maioriano
2010 888 2151 928 occiso
2185 902 2222 928 a.
2247 891 2340 928 161.

133 966 330 1022 Utraque
370 965 558 1022 epistula
599 979 695 1007 eum
735 965 848 1006 inter
886 963 1062 1004 ultimas
1095 961 1151 1002 sit
1183 974 1289 1016 quas
1323 958 1535 1000 habemus
1573 974 1598 999 a
1621 956 1797 999 Sidonio
1829 957 2094 1012 conscriptas
2130 971 2266 1011 nequ«-
2303 956 2341 995 111

134 1036 345 1078 eiusmodi
378 1034 712 1076 indicationibus
746 1033 871 1074 nimis
905 1032 1035 1074 anxia
1067 1030 1385 1086 computatione
1420 1027 1629 1070 utendum
1663 1027 1729 1070 sit.
1764 1031 1879 1068 recte
1910 1027 2111 1067 convenit
2136 1026 2227 1067 dies
2261 1040 2340 1066 nou

134 1109 222 1148 tam
253 1104 404 1146 mortis
437 1117 565 1159 quam
597 1103 884 1159 depositionis
917 1100 1137 1157 epitaphio
1172 1099 1443 1155 subscriptus
1470 1097 1572 1138 XII
1587 1095 1667 1137 lcal.
1692 1095 1946 1148 ,S'iptembres
1969 1095 2133 1136 Zenone
2167 1096 2341 1146 impii-a„—

134 1178 237 1224 tore,
279 1174 351 1230 qui
392 1177 458 1215 est
498 1173 611 1228 Aug.
645 1174 692 1213 21
740 1186 778 1213 a.
812 1173 916 1218 479;
957 1183 1218 1225 quamquam
1262 1172 1505 1210 extremum
1548 1166 1804 1207 vocabulum
1848 1178 1930 1205 non
1969 1169 2085 1205 recte
2126 1180 2170 1206 se
2216 1164 2345 1204 habet

135 1242 501 1298 seribendumque
540 1242 621 1283 fuit
653 1241 817 1282 Zenone
847 1239 1040 1293 Auyusto
1077 1239 1271 1292 (ite-rum.)
1309 1235 1475 1278 consule
1518 1235 1785 1276 similiterve.
1848 1233 1911 1274 Ee
1951 1233 2042 1288 ipso
2083 1233 2152 1274 die
2196 1232 2342 1273 Claro-

136 1317 343 1355 montana
381 1313 569 1355 ecelesia
610 1311 741 1353 ferias
784 1311 826 1352 in
860 1309 1024 1352 Sidonii
1064 1308 1271 1349 honorem
1311 1306 1536 1348 celebrare
1572 1304 1704 1355 solet,
1746 1317 2005 1359 quamquam
2039 1301 2343 1357 martyrologia

135 1382 335 1424 Romana
366 1396 440 1424 eas
473 1381 726 1423 adscribunt
759 1379 813 1422 ad
847 1379 962 1421 diem
984 1378 1098 1434 Aug.
1123 1379 1175 1419 23
1209 1377 1278 1419 vel
1312 1379 1363 1417 24
1398 1375 1654 1430 (Tillemont
1686 1374 1800 1415 «indm.
1834 1372 1926 1414 mel.
1956 1374 2004 1413 16
2038 1388 2077 1428 p.
2104 1372 2218 1424 274).
2285 1370 2345 1410 lta

135 1450 250 1493 diem
283 1451 387 1492 obiit
418 1450 608 1493 nondum
641 1448 1053 1506 quinquagenarius.
1088 1447 1217 1502 idque
1251 1450 1399 1502 aptum
1433 1450 1500 1486 est
1532 1445 1582 1485 iis
1617 1458 1726 1499 quae
1761 1442 1814 1484 de
1848 1447 1991 1484 aetate
2015 1455 2092 1482 sua
2115 1441 2344 1496 postremis

134 1520 256 1562 libris
280 1521 463 1562 inseruit
485 1519 643 1573 (adhuc
664 1533 762 1561 aevo
782 1518 934 1560 viriclis
962 1519 1053 1568 130,
1075 1518 1150 1564 20;
1182 1516 1227 1557 'in
1250 1515 1379 1556 (licitis
1403 1514 1487 1555 iam
1507 1513 1730 1555 senectutis
1754 1512 1879 1553 inilia
1893 1510 2168 1563 pulsantibus
2190 1513 2257 1560 sl,
2276 1511 2347 1549 2οι

135 1590 359 1632 εωιεσίῑιίίε
379 1589 580 1642 propiore
611 1592 719 1631 necta
752 1590 826 1629 ’171
863 1602 902 1631 v,
926 1587 1014 1642 45).

280 1675 475 1718 Uxorem
508 1675 712 1718 Sidonius
751 1674 874 1717 duxit
912 1687 1042 1716 unam
1082 1674 1198 1728 (116,
1228 1671 1273 1727 3)
1306 1670 1592 1727 Papianillam
1626 1669 1682 1724 (v,
1707 1668 1816 1724 ind.)
1849 1667 2087 1709 Arvernam
2121 1666 2262 1711 Aviti,
2305 1670 2351 1705 ut

137 1744 341 1799 diximus,
373 1749 527 1802 postea
558 1745 750 1801 Augusti
781 1743 925 1794 filiam,
958 1757 1069 1798 quae
1102 1746 1331 1798 postquam
1364 1740 1544 1781 maritus
1579 1739 1807 1794 episcopus
1840 1738 1981 1778 factus
2015 1739 2079 1777 est
2112 1733 2347 1776 secundum

136 1814 312 1870 regulas
355 1829 433 1870 pro
474 1828 620 1857 sorore
663 1828 759 1856 cum
801 1827 852 1855 eo
893 1813 1000 1855 vixit
1039 1812 1126 1868 (89,
1152 1814 1174 1852 7
1208 1825 1305 1852 cum
1336 1809 1432 1851 adn.
1467 1807 1718 1862 Sir-mendi).
1782 1806 1982 1862 Suscepit
2014 1805 2068 1847 ab
2106 1819 2157 1846 ca
2191 1804 2348 1845 liberos

138 1882 333 1940 (89,13),
371 1884 540 1926 scilicet
577 1884 712 1926 filium
744 1883 1043 1940 Apollinarem
1083 1885 1127 1923 et
1163 1881 1315 1931 filiam,
1358 1879 1449 1921 sive
1483 1892 1561 1920 eae
1594 1878 1708 1920 filiae
1740 1877 1933 1926 fuerunt,
1978 1874 2179 1916 Rosciam
2214 1874 2347 1913 Seve-

137 1951 304 1994 rianam
325 1952 541 1996 Alcimam
565 1953 622 2008 (v.
646 1953 731 1995 ind.
757 1970 789 1996 s.
812 1967 852 1996 v,
883 1951 1079 2007 Roscia).
1141 1950 1311 1992 Natalis
1344 1952 1496 1990 sextus
1530 1947 1725 1989 decimus
1758 1943 2030 1987 ‘nostrorum’
2066 1941 2352 1985 celebrandus

139 2021 209 2064 die
241 2022 324 2064 Iul.
348 2023 400 2064 28
442 2022 508 2078 (O.
538 2022 688 2078 XVII)
731 2022 784 2064 ad
823 2023 901 2064 hos
938 2022 1157 2078 pertinere
1197 2019 1369 2061 videtur
1409 2017 1611 2059 videlicet
1652 2016 1864 2071 geminos.
1934 2013 2002 2055 Ad
2050 2013 2182 2054 filium
2231 2015 2353 2067 pater

142 2091 335 2134 seribere
369 2093 512 2148 coepit
543 2093 570 2135 l.
593 2092 663 2134 III
695 2106 763 2148 ep.
792 2094 864 2144 13,
906 2091 1158 2133 Terentium
1191 2103 1287 2131 eum
1321 2102 1370 2130 eo
1403 2087 1510 2142 legit
1541 2086 1568 2127 l.
1591 2085 1654 2126 IV
1686 2100 1752 2140 ep.
1780 2086 1848 2135 12,
1887 2098 1987 2125 mox
2019 2082 2227 2139 puberem
2261 2081 2351 2120 fore

144 2160 360 2216 significat
391 2161 417 2203 l.
441 2161 483 2203 V
515 2176 581 2217 ep.
609 2163 674 2204 11.
734 2161 802 2203 De
837 2175 886 2203 eo
915 2174 1024 2216 quae
1056 2163 1285 2215 praeterea
1316 2157 1596 2197 innotuerunt
1629 2155 1671 2195 in
1704 2153 1843 2195 indice
1878 2152 2218 2208 composuimus:
2253 2163 2351 2204 pro-

142 2229 281 2271 fectus
323 2233 388 2271 est
421 2244 455 2272 e.
479 2244 517 2272 a.
541 2231 617 2272 481
661 2230 702 2271 in
736 2229 910 2271 Italiam
943 2242 1040 2270 cum
1061 2226 1256 2268 Victorio
1289 2225 1415 2275 exul,
1460 2238 1562 2264 mox
1593 2237 1792 2264 reversus
1826 2222 2046 2263 Arvernos
2079 2234 2116 2262 a.
2142 2220 2222 2259 507
2257 2231 2350 2258 cum

141 2298 320 2354 reliquis
353 2297 506 2340 Gothis
540 2297 653 2340 eladi
691 2298 734 2339 in
767 2312 918 2354 eampo
951 2295 1223 2352 Vogladensi
1256 2309 1281 2335 a
1313 2293 1491 2336 Francis
1533 2298 1740 2348 acceptae
1774 2291 1988 2337 interfuit;
2029 2289 2215 2344 denique
2258 2301 2353 2327 cum

141 2371 239 2424 post
269 2367 571 2424 Aprunculum
613 2372 655 2410 et
685 2368 978 2424 Euphrasium
1018 2381 1096 2422 per
1135 2379 1298 2421 paucos
1331 2377 1503 2405 menses
1537 2362 1787 2404 cathedram
1821 2364 2045 2416 paternam
2080 2360 2354 2412 occupasset,

143 2451 180 2480 0.
202 2451 239 2478 a.
263 2439 345 2478 515
380 2437 498 2480 obiit.
559 2437 755 2479 Uxorem
797 2437 890 2479 eius
928 2435 1216 2485 Placidinam,
1257 2434 1392 2475 filium
1434 2446 1582 2474 0010111
1614 2430 1849 2473 Arcadium
1888 2429 2081 2470 nominat
2114 2426 2354 2481 Gregorius

143 2506 408 2550 Turonensis
441 2507 668 2563 aliquoties
702 2512 745 2550 et
767 2507 1010 2549 Venantius
1034 2506 1300 2547 Fortunatus
1324 2517 1453 2545 carm.
1483 2505 1517 2554 1,
1547 2505 1608 2554 15,
1632 2504 1700 2554 05,
1733 2499 1910 2541 Arcadii
1931 2498 2064 2542 filiam
2087 2494 2353 2537 Placidinam

144 2580 321 2632 nuptam
358 2576 542 2619 Leontio
576 2579 778 2633 episcopo
810 2575 1117 2631 Burdigalensi
1147 2574 1412 2615 Fortunatus
1446 2572 1488 2612 in
1521 2571 1782 2613 carminibus
1816 2566 2129 2623 compluribus,
2173 2564 2354 2605 descen-

145 2644 248 2688 dere
282 2660 378 2688 eam
412 2646 663 2702 significans
696 2646 750 2688 ab
783 2645 913 2687 Avito
948 2644 1144 2700 Augusto
1177 2656 1308 2685 earm.
1346 2644 1381 2694 1,
1409 2643 1469 2693 15,
1488 2642 1558 2681 96.

291 2730 477 2787 Cognati
509 2731 674 2774 Sidonii
712 2732 860 2788 plures
892 2735 1206 2783 memorantur,
1247 2729 1324 2771 sed
1362 2733 1409 2770 ut
1453 2732 1617 2769 certum
1658 2730 1841 2768 stemma
1880 2723 1977 2765 inde
2011 2721 2123 2764 effici
2154 2722 2355 2775 nequeat.

145 2800 311 2842 Fratris
356 2801 517 2843 mentio
561 2802 609 2843 fit
649 2801 695 2843 O.
724 2801 853 2853 XVI,
888 2803 940 2842 72
982 2800 1155 2843 educati
1199 2799 1315 2855 apud
1352 2797 1564 2839 Faustum
1612 2795 1868 2842 Reicnsen13
1914 2806 2072 2834 nomen
2120 2791 2357 2845 ignoratur.

145 2869 328 2911 Eulalia
357 2884 468 2912 uxor
499 2869 634 2913 Probi
663 2871 739 2912 filii
769 2871 917 2926 Magni
955 2870 1146 2913 consulis
1180 2883 1218 2911 a.
1241 2870 1323 2909 460
1357 2867 1415 2922 (v.
1445 2866 1552 2921 ind.)
1584 2866 1679 2920 ipsa
1710 2864 1801 2905 filia
1831 2863 1912 2904 fuit
1943 2861 2072 2902 unius
2105 2874 2160 2901 ex
2192 2857 2355 2914 patruis

149 2938 328 2991 Sidonii,
361 2938 415 2981 de
439 2940 593 2995 quibus
616 2955 746 2996 supra
766 2941 1026 2991 monuimus,
1058 2940 1204 2994 itaque
1225 2951 1344 2979 soror
1367 2937 1459 2978 eius
1484 2934 1706 2991 patruelis.
1762 2932 1992 2981 Secundus,
2026 2930 2147 2971 cuius
2171 2941 2356 2984 proavus

150 3007 317 3050 Sidonii
345 3023 452 3050 avus
477 3008 780 3065 fuit(47,11),
813 3013 888 3050 aut
918 3008 1064 3050 fratris
1097 3007 1210 3047 illius
1254 3005 1367 3046 filius
1410 3018 1506 3046 esse
1545 3006 1688 3058 potest
1725 3005 1799 3042 aut
1840 2998 2075 3042 eorundem
2107 3001 2356 3052 patruorum

147 3078 276 3120 unius
309 3093 459 3134 nepos.
521 3078 592 3120 Ad
624 3079 807 3121 eandem
840 3078 1125 3136 propaginem
1157 3074 1424 3127 Apollinaris
1456 3072 1686 3129 pertinuit,
1720 3069 1774 3111 ad
1807 3083 1934 3124 quem
1967 3068 2112 3123 plures
2145 3065 2356 3121 epistulae

149 3146 342 3190 directae
375 3152 488 3200 sunt,
521 3148 706 3190 fortasse
741 3149 873 3190 etiam
905 3148 978 3203 qui
1007 3145 1237 3201 aliquoties
1271 3158 1369 3186 011111
1402 3156 1452 3184 00
1485 3141 1761 3195 coniungitur
1783 3137 2036 3190 Simplicius.

293 3235 565 3291 Papianillae
589 3236 744 3278 fratres
767 3235 942 3277 fuerunt
963 3231 1163 3287 Ayricola
1196 3235 1238 3273 et
1270 3230 1343 3286 qui
1375 3243 1453 3286 per
1485 3228 1728 3283 complures
1752 3239 1889 3267 annos
1912 3224 2132 3265 Arvernos
2155 3237 2179 3264 a
2203 3221 2358 3263 Gothis

151 3303 346 3346 defendit
367 3304 572 3346 Ecdicius
604 3304 663 3360 (v.
687 3303 808 3359 ind.).
869 3303 1036 3345 Affines
1062 3300 1227 3343 Sidonii
1259 3299 1537 3340 nominantur
1561 3296 1800 3338 Tonantius
1830 3292 2064 3342 Ferreolus,
2098 3290 2358 3344 Philamius,

149 3373 341 3427 Maynus
372 3387 458 3415 eos.
491 3388 529 3416 a.
551 3375 634 3415 460
666 3374 829 3430 filiique
861 3373 953 3415 eius
985 3371 1177 3425 Illasjnus
1207 3368 1333 3410 Felix
1365 3372 1408 3410 et
1441 3367 1619 3416 Probus,
1653 3365 1830 3407 Priscus
1869 3361 2134 3404 Valerianus.

296 3458 500 3502 Sidonius
531 3459 788 3502 Philostrati
818 3459 1025 3500 librorum
1066 3457 1119 3498 de
1151 3456 1240 3497 vita
1271 3453 1494 3509 Apollonii
1524 3451 1691 3508 Tyanei
1723 3448 2126 3505 interpretationem
2158 3446 2357 3488 Latinam

153 3541 233 3569 sua
271 3542 374 3570 eura
413 3528 662 3571 emendavit
700 3526 935 3583 (127,15);
978 3525 1151 3581 scripsit
1193 3519 1650 3571 ‘contestatiunculas',
1691 3533 1796 3574 quas
1836 3517 2056 3572 Megethio
2096 3515 2213 3557 misit
2255 3528 2279 3554 a
2313 3528 2358 3554 se

153 3596 338 3639 dictatas
373 3597 487 3652 (106,
507 3597 603 3652 20),
637 3597 862 3640 contiones
894 3596 1081 3637 fortasse
1114 3593 1253 3649 qualis
1286 3595 1354 3634 est
1384 3591 1546 3633 inserta
1578 3589 1776 3645 epistulis
1814 3589 1907 3639 113,
1934 3589 1982 3627 15
2003 3599 2092 3640 seq.
2126 3584 2273 3625 habita
2305 3582 2357 3623 ad

153 3665 329 3721 plebem
358 3666 699 3722 Biturigensem,
731 3671 775 3709 et
806 3667 977 3718 missas,
1010 3664 1063 3706 de
1099 3663 1256 3718 quibus
1288 3660 1528 3715 Gregorius
1562 3658 1618 3714 (v.
1653 3671 1782 3712 supra
1813 3671 1852 3712 p.
1876 3655 2018 3708 XLV)
2053 3654 2141 3708 egit
2173 3653 2216 3693 in
2248 3651 2357 3692 libro

154 3734 281 3777 hodie
311 3734 555 3790 deperdito;
588 3735 774 3791 denique
807 3734 939 3777 edidit
969 3732 1160 3775 carmina
1192 3734 1235 3773 et
1265 3729 1473 3786 epistulas
1504 3741 1614 3783 quae
1647 3728 1892 3781 supersunt.
1945 3721 2197 3772 Historiam,
2231 3733 2358 3775 quam

291 3825 460 3862 Smomus.
2061 3823 2086 3857 g
