2583 4011
65 1177 96 1200 10

64 1523 95 1547 15

62 1988 96 2013 20

64 2712 97 2737 30

66 3059 97 3084 35

1031 212 1164 252 1v;·1
1201 212 1434 253 -Vll§4.
2247 216 2321 255 271

135 327 398 377 iunioribus,
431 331 611 383 paterno
646 328 906 383 sospitamus
940 328 1111 370 affectu.
1175 329 1370 368 conservi
1409 329 1510 370 inci.
1554 327 1776 367 debitores
1811 335 1851 367 et
1887 327 2170 368 :uluiiratores
2205 329 2335 369 vestri
2361 334 2402 377 (l

134 412 304 439 mecum
348 397 700 439 reverentissime
741 398 968 453 sospitant.
1036 396 1235 437 dominus
1276 401 1422 437 noster
1466 395 1827 449 magnificandam
1870 396 1969 436 mihi
2018 396 2331 438 beatitudinem
2379 400 2403 435 (ἱ

133 471 252 508 tuam
300 467 510 508 ecclesiae
558 480 661 508 suae
712 467 975 521 profectibus
1022 466 1266 520 nostrisque
1314 465 1483 517 gaudiis
1528 465 1718 520 perfecta
1763 465 2054 515 longaevitate
2097 472 2334 507 conservet.

135 535 306 576 domine
341 535 605 586 beatissimo,
638 535 785 576 debita
819 536 981 591 pietate
1016 534 1294 590 suspiciende
1328 539 1456 590 atque
1491 534 1728 590 apostolica
1765 533 1868 574 sede
1902 533 2154 587 dignissime
2189 536 2333 577 frater.

1200 754 1275 795 Vl.

350 857 586 899 DOMINO
620 856 972 899 REMfflole
1008 858 1253 899 lloNoRE
1289 858 1536 899 sunium
1570 859 1645 899 Ao
1680 857 1840 898 Filucl
1880 857 2120 898 Muluius

604 927 1069 969 MAGNJFMJANDo
1104 928 1264 969 ΝΜΟ
1298 927 1547 968 m'ltlvlo
1582 926 1874 968 ‹riltAlwl'st

279 1005 482 1069 ΘΗΜ-ω»-
513 1026 702 1069 domino,
744 1025 857 1081 quod
891 1026 989 1066 fidei
1026 1030 1193 1065 vestrae
1229 1024 1429 1065 meritum
1463 1025 1572 1064 sicut
1605 1024 1770 1078 profivit
1804 1023 2049 1067 devotione.
2091 1025 2147 1064 ita
2182 1026 2335 1065 crescit
2390 1030 2396 1065 1

134 1101 178 1139 et
210 1110 355 1152 opere.
418 1095 708 1136 laborantium
744 1096 1035 1137 necessitates
1070 1094 1363 1135 sollieitudine
1397 1094 1641 1149 praevenis,
1677 1093 1946 1147 benignitate
1971 1094 2106 1143 foves,
2140 1094 2335 1135 humani-

139 1169 228 1208 tate
261 1169 493 1207 sustentas.
556 1165 623 1207 his
657 1166 769 1206 enim
802 1165 930 1206 rebus
963 1165 1084 1205 iuxta
1116 1164 1359 1220 apostolum
1403 1164 1593 1218 spiritu
1632 1164 1925 1208 ferventes,
1971 1162 2180 1204 domino
2223 1179 2336 1204 ser-

136 1235 365 1287 vientes,
415 1249 506 1291 spe
552 1234 871 1290 gaudentes,
921 1234 1091 1275 divinas
1131 1233 1255 1274 vobis
1297 1236 1474 1273 aeterne
1517 1232 1826 1274 retributiones
1870 1232 2109 1288 adquiritis.
2173 1233 2249 1273 sed
2294 1234 2334 1274 in

137 1304 404 1346 sublimitate
437 1308 584 1345 vestra
615 1305 699 1345 ista
730 1318 814 1345 non
847 1317 962 1344 nova
994 1307 1106 1351 sunt,
1139 1303 1239 1357 quia
1271 1303 1441 1343 animus
1465 1307 1613 1343 vester
1645 1303 1756 1343 sicut
1789 1303 1942 1357 plenus
1977 1307 2045 1343 est
2077 1302 2143 1343 (lei
2169 1304 2334 1349 timore,

133 1373 194 1415 ita
225 1375 380 1429 plenus
413 1378 480 1415 est
513 1374 713 1415 caritate:
750 1373 942 1423 caritate,
975 1372 1164 1427 inquam,
1200 1385 1308 1426 quac
1342 1372 1436 1413 sola
1468 1386 1547 1412 usu
1585 1372 1753 1427 proficit
1776 1375 1819 1412 et
1842 1371 2066 1425 largiendo
2091 1373 2337 1415 succrescit.

135 1458 373 1500 expensam
407 1444 550 1485 sciens
583 1448 626 1485 ct
658 1444 920 1485 detrimenta
951 1457 1035 1484 non
1071 1443 1277 1484 sentiens.
1340 1441 1441 1482 dum
1474 1441 1588 1481 enim
1622 1440 1892 1496 dependitur,
1934 1455 2018 1481 non
2063 1441 2336 1497 expenditur,
2384 1446 2407 1480 :3

136 1512 214 1554 sed
246 1513 399 1569 magis,
432 1512 533 1554 dum
564 1517 836 1569 prorogatur,
869 1517 1073 1568 augetur;
1115 1512 1298 1567 eiusque
1332 1512 1474 1567 gratia
1507 1512 1566 1552 ita
1598 1514 1849 1551 muneratur
1883 1510 2141 1566 percipiens,
2175 1516 2221 1551 ut
2255 1526 2337 1552 non

132 1583 370 1624 minoretur
401 1583 667 1639 impertiens,
701 1596 811 1638 quae
845 1581 898 1623 ad
932 1581 1257 1624 similitudinem
1289 1581 1527 1622 divinitatis
1559 1580 1632 1621 dat
1664 1580 1776 1636 quod
1809 1580 1942 1622 habet
1975 1580 2192 1636 habetque
2225 1580 2338 1635 quod

133 1651 315 1694 dederit.

2384 1237 2407 1274 ¹0

1183 1800 1283 1841 VII.

367 1907 604 1949 DOMINO
636 1906 1001 1948 BEATISSIMO
1036 1905 1112 1946 Ae
1146 1905 1677 1946 REVEREN'sissIMo
1710 1904 1912 1951 ATQUE
1947 1904 1986 1945 A
2020 1904 2102 1944 ME

198 1976 424 2020 DEBITO
457 1974 654 2018 CULTU
689 1974 1139 2018 SINGULARITER
1171 1973 1578 2016 OBSERVANDO
1611 1972 1674 2014 IN
1709 1973 1968 2015 CHRISTO
2002 1972 2283 2015 PATRONO

744 2043 995 2086 RURICIO
1028 2043 1321 2086 EPISCOPO
1354 2043 1735 2086 VICTORINUS.

271 2124 378 2188 Cum
418 2144 735 2187 beatitudinem
777 2148 967 2185 vestram
1006 2143 1156 2185 videre
1196 2147 1239 2185 et
1282 2143 1540 2184 brevissimo
1583 2147 1780 2197 tempore
1818 2146 1861 2183 ct
1902 2155 1988 2182 una
2031 2144 2198 2181 tantum
2242 2139 2335 2179 vice
2390 2141 2398 2178 1

128 2229 346 2267 meruero,
400 2215 459 2255 ita
504 2219 650 2256 tamen
695 2213 751 2255 ad
794 2213 981 2269 primum
1028 2217 1202 2254 vestrae
1254 2213 1489 2267 agnitionis
1537 2212 2007 2267 contemplationisque
2057 2223 2336 2265 congressum

134 2300 287 2328 sensus
327 2298 446 2326 meos
494 2284 615 2325 fonte
656 2283 889 2340 purissimo
928 2283 1105 2337 benigni
1144 2283 1336 2338 pectoris
1376 2282 1610 2337 irrigastis,
1657 2286 1726 2332 ut,
1775 2280 2013 2336 quamlibet
2051 2278 2338 2333 alloquiorum

61 2363 90 2388 ‘³‘
134 2359 379 2397 vestrorum
411 2368 592 2395 munera
623 2353 817 2409 pretiosa
848 2366 933 2393 non
965 2352 1147 2408 capiam,
1180 2353 1475 2409 praesentiam
1508 2357 1654 2393 tamen
1686 2355 1873 2392 vestram
1907 2350 2019 2391 intra
2050 2348 2206 2390 mentis
2238 2361 2337 2402 pro-

131 2424 267 2466 funda
296 2423 564 2480 possideam;
607 2427 672 2474 ut,
713 2423 795 2464 etsi
828 2436 982 2464 causas
1017 2421 1221 2464 desiderii
1254 2421 1478 2463 refovendi
1522 2421 1791 2462 extrinsecus
1831 2433 1916 2460 non
1956 2418 2188 2474 accipiam,
2228 2416 2341 2457 intra

133 2508 202 2536 me
244 2507 318 2536 eas
359 2498 525 2545 tamen,
567 2492 670 2534 dum
702 2492 868 2548 gratiae
902 2494 1075 2532 vestrae
1117 2491 1384 2542 reminiscor,
1427 2491 1660 2532 inveniam.
1720 2503 1859 2545 neque
1903 2489 2017 2530 enim
2056 2487 2122 2528 fas
2166 2490 2250 2535 est,
2293 2489 2341 2526 ut
2385 2486 2409 2525 2

132 2563 294 2605 bonum
326 2563 432 2604 illud
474 2578 531 2605 ex
571 2562 867 2605 accidentibus
906 2564 1073 2602 tantum
1113 2560 1305 2616 requirat
1345 2560 1570 2601 adiutoriis
1609 2561 1947 2610 incrementum,
1987 2556 2100 2612 quod
2138 2554 2340 2596 medullis

133 2636 306 2674 constat
336 2632 538 2673 infusum.
600 2646 684 2688 quo
715 2633 781 2684 fit,
821 2635 868 2672 ut
901 2631 1081 2682 caritas,
1125 2643 1234 2685 quae
1267 2630 1309 2671 in
1342 2630 1586 2671 visceribus
1619 2630 1723 2671 meis
1756 2629 1844 2684 iugi
1876 2626 2174 2669 recordatione
2207 2623 2338 2666 vestri
2385 2625 2407 2663 3

137 2704 344 2745 innovata
380 2703 608 2756 dulcescit,
652 2703 844 2745 caritatis
883 2702 987 2743 mihi
1026 2706 1198 2744 vestrae
1231 2700 1579 2743 vicissitudinem
1616 2699 1905 2756 repromittat.
1967 2711 2016 2737 ac
2061 2696 2122 2736 sic
2160 2695 2340 2736 affectus

135 2787 240 2828 erga
278 2787 354 2815 vos
393 2787 514 2814 meus
552 2773 688 2815 vestri
729 2772 836 2814 mihi
877 2772 1009 2814 animi
1047 2771 1274 2813 fideiussor
1312 2771 1483 2813 accedit
1523 2775 1567 2813 et
1607 2768 1925 2826 quodammodo
1972 2765 2239 2808 conscientia
2276 2765 2339 2805 in-

135 2843 308 2884 terioris
341 2843 426 2883 mei
455 2847 606 2884 mutuo
639 2842 744 2883 mihi
775 2846 948 2883 vestrae
979 2841 1103 2882 testis
1135 2840 1383 2882 dilectionis
1424 2840 1609 2889 assistit;
1651 2843 1945 2894 quantumque
1984 2835 2090 2877 mihi
2131 2834 2184 2876 de
2216 2833 2339 2875 vobis

134 2925 414 2968 praesumere
448 2911 653 2963 debeam,
686 2914 878 2952 mentem
909 2924 1076 2962 meam,
1108 2923 1218 2965 quae
1250 2913 1343 2951 toto
1377 2923 1482 2964 erga
1514 2923 1590 2950 vos
1623 2909 1780 2950 amoris
1812 2907 1964 2949 ardore
1998 2906 2172 2961 flagrat,
2206 2904 2339 2944 inter-

134 2995 254 3036 rogo.
315 2980 430 3022 unde
469 2980 777 3022 salutationem
817 2980 1018 3022 deferens
1059 2983 1103 3021 et
1142 2979 1501 3020 intercessionem
1545 2978 1786 3034 deposcens
1824 2990 1901 3032 pro
1940 2975 2092 3016 harum
2132 2974 2341 3030 portitore
2385 2974 2408 3011 4

138 3050 449 3092 insufficientes
481 3050 641 3105 gratias
674 3049 830 3092 refero.
892 3054 936 3092 et
968 3050 1069 3105 quia
1090 3048 1275 3089 infelicis
1298 3048 1434 3104 ipsius
1457 3048 1661 3099 laborem,
1694 3061 1776 3103 quo
1799 3061 1874 3102 pro
1899 3045 2170 3087 absolutione
2193 3043 2339 3083 uxoris

134 3134 214 3176 per
252 3120 519 3162 diversarum
561 3120 788 3175 regionum
836 3124 902 3161 est
948 3120 1133 3161 iactatus
1183 3118 1357 3170 exsilia,
1405 3132 1519 3159 mors
1568 3117 1819 3172 redemptae
1866 3115 2060 3171 protinus
2107 3113 2339 3154 subsecuta

138 3189 325 3231 cassavit
364 3192 408 3230 et
445 3203 558 3230 nunc
598 3203 747 3230 rursus
786 3203 864 3244 pro
901 3188 1018 3230 filiae
1059 3186 1356 3243 redemptione
1398 3188 1597 3229 anxietas
1638 3190 1824 3242 paterna
1862 3183 2137 3231 distenditur,
2181 3181 2337 3223 vestris

275 3373 320 3407 10
343 3374 448 3409 Rom.
473 3374 554 3415 XII,
581 3375 634 3408 11.
662 3374 715 3408 12.

276 3478 294 3512 1
320 3485 479 3523 paternos
500 3479 530 3512 G
668 3478 690 3513 3
714 3480 909 3523 longeuitae
931 3478 960 3511 G
1092 3476 1113 3510 ἴ)
1139 3476 1200 3520 Vl]
1225 3477 1263 3509 in
1286 3489 1350 3519 mss.
1375 3478 1478 3510 minio
1504 3488 1567 3509 scr.
1590 3477 1620 3509 G
1753 3474 1773 3508 9
1793 3477 1885 3519 operi
1906 3476 1935 3508 G
2070 3473 2109 3505 11
2135 3479 2291 3506 aeternae
2313 3471 2342 3503 G

139 3536 183 3570 13
207 3549 275 3580 qua
295 3537 323 3570 G
469 3536 513 3570 15
536 3537 588 3581 ut]
614 3538 746 3581 scripsi,
769 3543 803 3571 et
821 3538 851 3570 G
998 3534 1040 3568 16
1066 3533 1181 3577 habet]
1209 3546 1271 3567 om.
1293 3535 1322 3567 G
1470 3534 1513 3567 18
1537 3533 1614 3578 VII]
1640 3535 1677 3567 in
1703 3547 1766 3577 my.
1792 3534 1896 3566 minio
1920 3544 1983 3565 scr.
2007 3533 2036 3564 G
2179 3529 2224 3562 20
2248 3529 2340 3562 debit

138 3597 276 3629 occultu
304 3594 334 3627 G
449 3596 590 3628 obserdo
619 3595 649 3628 G
809 3593 855 3627 21
886 3594 1078 3627 uicturinus
1108 3592 1137 3625 G
1299 3591 1344 3624 25..)
1374 3591 1419 3635 et]
1456 3598 1495 3625 ut
1521 3593 1550 3625 G
1713 3591 1758 3625 24
1794 3602 1911 3624 sensos
1939 3591 1967 3622 G
2082 3599 2202 3621 sensus
2228 3604 2270 3609 —-
2296 3585 2341 3618 26

140 3651 343 3697 possideam]
369 3653 531 3685 Ruricius
554 3653 590 3685 in
615 3664 665 3695 ep.
689 3652 744 3694 H,
771 3656 791 3686 9
815 3651 992 3694 ascripsit
1097 3650 1245 3693 benigno
1275 3649 1305 3682 G
1412 3648 1593 3693 irrigastis]
1621 3650 1782 3682 Ruricius
1806 3648 1862 3689 II,
1889 3650 1920 3687 9,
1952 3647 2094 3688 ingastis
2122 3645 2162 3685 G,
2190 3644 2341 3677 intrastis

141 3710 298 3744 canisius
453 3708 498 3743 28
521 3711 761 3743 accedentibus
790 3710 820 3742 G
923 3709 1183 3742 inoremantium
1212 3708 1241 3740 G
1392 3706 1436 3740 29
1461 3706 1541 3751 quo]
1568 3708 1658 3751 quod
1687 3707 1717 3740 G
1822 3717 1888 3749 quo
1915 3722 1956 3727 —-
1982 3702 2028 3736 34
2050 3701 2154 3746 unde]
2181 3702 2340 3735 Ruricius

138 3769 176 3802 in
200 3779 251 3812 ep.
274 3767 329 3810 II,
353 3770 373 3801 9
397 3773 427 3801 et
451 3767 507 3810 II,
533 3770 577 3801 52
600 3768 776 3812 eoescripsit
915 3765 960 3800 35
985 3764 1029 3809 et]
1059 3766 1099 3807 G,
1124 3771 1163 3799 ut
1188 3765 1272 3798 co‘ni.
1298 3765 1488 3799 Mommsen
1581 3765 1734 3798 infelices
1763 3764 1792 3797 G
1885 3762 2059 3796 ablutione
2087 3761 2117 3795 G
