2583 4011
1094 212 1142 246 XI
1169 214 1188 256 g
1213 213 1235 246 ε)
1262 233 1300 237 -
1329 213 1411 248 x1v
1438 215 1458 255 s
1483 215 1514 248 s.
2310 217 2390 255 275

203 340 262 375 se,
295 341 388 369 cum
422 326 581 369 foditur
612 328 852 369 calcaribus
884 333 958 369 aut
989 333 1168 382 urgetur
1191 328 1459 378 verberibus,
1494 335 1535 370 et
1560 329 1664 370 nihil
1689 331 1860 385 penitus
1884 336 2220 386 promoventem.
2253 330 2391 372 forma

202 397 500 445 deterrimum,
544 397 687 437 colore
720 397 997 446 vilissimum,
1039 398 1278 439 molliorem
1313 399 1491 453 plumis,
1537 399 1691 439 statuis
1733 399 1987 453 pigriorem.
2034 399 2167 441 solida
2213 412 2394 455 corpora

202 470 520 521 pavescentem,
554 465 726 506 umbras
759 467 913 508 solum.
946 472 991 506 ut
1024 465 1164 512 eredo.
1198 466 1250 507 de
1283 465 1593 507 consuetudine
1627 481 1709 507 non
1742 468 1980 509 timentem.
2026 470 2264 523 fugitivum,
2297 482 2392 509 cum

202 534 445 579 dimittitur.
488 535 772 579 immobilem.
814 549 909 576 cum
943 534 1131 580 sedetur.
1174 535 1214 575 in
1259 535 1398 590 planis
1440 540 1649 577 stantem.
1693 537 1732 576 in
1773 537 1938 592 asperis
1982 543 2276 582 corruentem;
2323 537 2393 592 qui

149 613 163 635 5
204 604 344 645 teneri
377 604 562 654 nesciat,
596 604 819 645 ambulare
854 618 937 645 non
972 605 1123 660 possit:
1156 618 1282 659 quem
1317 605 1566 659 priusquam
1603 604 1813 646 viderem.
1847 605 1946 646 dum
1980 607 2192 661 epistulas
2227 612 2392 648 vestras

132 972 164 996 10

132 1317 162 1341 15

129 1937 162 1962 20

130 2629 164 2654 30

205 673 367 727 relege,
400 673 567 713 illorum
602 672 654 713 ‹le
687 677 817 725 gente
850 687 946 714 csse
980 673 1153 715 credidi.

1348 756 1477 797 quos
1510 741 1738 784 daedala
1769 742 1925 783 Circe

675 811 951 866 supposita
983 810 1045 851 de
1078 817 1241 851 matre
1275 811 1464 852 nothos
1498 812 1673 853 furata
1707 812 1920 854 creavit.

338 891 549 932 Putabam
583 891 703 932 illum
738 890 922 932 calidum
955 892 1130 932 animis.
1163 906 1306 933 acrem
1340 892 1557 933 cursibus.
1598 893 1763 946 ignem,
1809 906 1905 933 cum
1939 892 2233 938 exhiberetur.
2267 893 2391 933 elatis

203 961 379 1004 naribus
421 961 686 1005 efflaturum.
732 974 1040 1001 concussurum
1084 961 1218 1002 solido
1261 975 1395 1002 cornu
1437 975 1634 1017 campos.
1683 962 1905 1003 eeleritate
1946 967 2097 1003 ventos
2138 967 2181 1002 et
2223 962 2397 1003 flumina

201 1044 543 1087 praecursurum.
596 1030 723 1070 talem
759 1030 874 1071 enim
908 1029 1011 1070 mihi
1035 1029 1411 1084 splendidissimus
1436 1032 1651 1086 epistulae
1677 1044 1817 1072 sermo
1841 1032 2113 1086 promiserat.
2167 1031 2394 1073 credebam

201 1100 346 1147 etiam,
379 1098 491 1154 quod
525 1099 644 1139 illum
680 1098 956 1140 mandentem
989 1098 1149 1147 frenos,
1182 1104 1392 1140 terentem
1429 1100 1644 1141 morsibus
1677 1101 1836 1141 ferrum
1869 1100 1952 1142 duo
1985 1101 2184 1141 fortiores
2218 1101 2310 1153 viri,
2344 1115 2396 1142 ne

201 1168 427 1212 evaderet.
472 1168 722 1209 retinerent.
785 1181 863 1208 nee
903 1182 970 1209 me
1014 1168 1189 1214 fefellit.
1231 1182 1330 1209 nam
1370 1169 1600 1210 trahebant
1632 1183 1728 1211 cum
1761 1171 1948 1225 aliquot.
1992 1169 2291 1226 impingebant
2322 1170 2395 1211 alii
2443 1198 2450 1208 .

201 1243 245 1280 et
275 1238 421 1293 plures
455 1235 706 1278 caedebant.
770 1251 897 1292 quem
931 1240 977 1277 ut
1009 1237 1068 1277 sic
1102 1236 1343 1278 exhibitum
1379 1237 1483 1281 vidi.
1524 1239 1695 1294 optavi,
1736 1244 1781 1280 ut
1815 1240 1919 1280 talia
1950 1240 2097 1293 qualia
2127 1244 2268 1280 crant.
2312 1253 2395 1280 non

205 1308 350 1363 qualia
382 1307 571 1362 epistula
602 1320 698 1347 mea
729 1306 933 1347 continet.
968 1320 1143 1361 semper
1176 1306 1288 1347 caris
1313 1307 1469 1348 vestris
1501 1321 1681 1349 munera
1705 1308 1950 1349 mitteretis.
2004 1322 2085 1363 ego
2109 1313 2264 1350 tamen.
2297 1309 2398 1364 quia

200 1377 304 1418 mihi
337 1391 421 1417 non
457 1376 690 1431 reliquistis
722 1376 764 1416 in
797 1376 1037 1416 transmissi
1074 1376 1265 1417 muneris
1297 1376 1422 1417 laude
1455 1376 1568 1431 quod
1601 1376 1817 1419 dicerem.
1863 1391 1916 1418 nc
1951 1378 2125 1419 omnino
2159 1403 2397 1418 ......

1235 1607 1357 1648 XIV.

290 1722 527 1765 DOMINO
560 1721 742 1763 PATRI
774 1721 1039 1763 PARITER
1070 1721 1146 1763 ΕΤ
1179 1721 1461 1764 PATRONO
1493 1723 1732 1765 FAUSTO
1765 1723 1960 1766 PAPAE
1993 1723 2307 1766 PAULINUS.

337 1836 551 1898 Scmssmzss
584 1856 707 1898 vobis
739 1855 840 1896 hinc
873 1856 1030 1898 retinet
1062 1861 1223 1909 metus,
1264 1856 1362 1897 inde
1396 1856 1617 1912 compellit
1649 1856 1832 1898 affectus
1866 1861 1994 1913 atque
2028 1858 2139 1898 inter
2170 1863 2396 1913 utrumque

200 1929 261 1970 ita
291 1940 412 1969 mens
444 1927 610 1968 ineerta
641 1925 839 1977 iactatur,
872 1926 1007 1967 veluti
1039 1940 1134 1967 cum
1166 1927 1422 1968 temerarius
1456 1930 1590 1967 nauta
1621 1925 1778 1968 dubiae
1803 1927 2031 1967 committit
2062 1926 2160 1968 vela
2182 1927 2395 1970 fortunae.

200 1997 276 2040 sed
309 2011 390 2052 ego
424 1996 496 2051 qui
527 1996 570 2036 in
602 2000 644 2036 te
677 1999 841 2035 certum
883 1994 1022 2036 habeo
1064 1999 1235 2051 portum
1274 2009 1445 2037 assumo
1484 1995 1589 2036 mihi
1627 2009 1754 2052 saepe
1795 1996 1949 2037 incerti
1989 2010 2138 2037 cursus
2177 2001 2397 2038 eventum:

197 2067 311 2122 elegi
349 2071 519 2115 tamen,
559 2068 605 2104 ut
644 2064 788 2119 potius
820 2063 1042 2104 fastidium
1081 2078 1285 2119 generem
1328 2079 1455 2120 quam
1493 2068 1680 2106 reatum:
1729 2065 1887 2119 agnovi
1921 2065 2034 2106 enim
2069 2065 2249 2120 optime,
2283 2065 2394 2121 quod

195 2135 405 2192 epistulas
447 2147 567 2175 meas
610 2133 702 2173 sine
740 2132 857 2174 fastu
897 2132 1096 2174 dominus
1127 2147 1251 2175 meus
1283 2133 1472 2175 Faustus
1506 2134 1710 2189 excipiat.
1773 2133 1849 2175 sed
1892 2135 1991 2189 quia
2032 2133 2230 2175 dominus
2272 2148 2393 2176 meus

196 2205 390 2246 Marinus
430 2203 635 2250 eremita,
679 2203 740 2243 vir
781 2205 955 2243 sanctus
995 2207 1039 2244 ct
1070 2203 1202 2244 nimia
1243 2202 1512 2245 districtione
1555 2202 1835 2255 metuendus,
1883 2207 2050 2245 tantum
2092 2203 2197 2245 mihi
2239 2203 2394 2244 indixit

147 2292 161 2307 ο
199 2272 352 2328 grandi
375 2272 606 2314 severitate
629 2272 840 2323 timorem,
873 2275 1150 2327 percontator
1173 2272 1353 2314 accedo:
1389 2286 1482 2313 sum
1503 2273 1694 2327 peccatis
1719 2272 1966 2314 carnalibus
1989 2273 2221 2324 involutus,
2254 2273 2397 2314 omnia

199 2355 498 2398 quaecumque
530 2345 671 2397 potest
703 2341 960 2382 criminosus
993 2354 1196 2392 exerceO,
1242 2355 1338 2382 cum
1369 2340 1483 2382 diem
1520 2341 1734 2384 humanae
1779 2342 1905 2384 sortis
1939 2342 2196 2398 implevero,
2241 2342 2391 2398 paeni-

199 2411 381 2454 tentiam
415 2425 507 2452 sum
541 2411 730 2452 subitam
771 2414 1057 2452 consecutus?
1119 2411 1156 2451 si
1188 2410 1392 2452 excludat
1432 2424 1508 2466 pro
1547 2415 1669 2467 parte
1710 2416 1937 2467 peccatum
1979 2425 2033 2452 an
2072 2411 2126 2452 ad
2168 2412 2395 2467 integrum,

201 2485 302 2537 opto
335 2493 610 2536 cognoscere.
664 2484 739 2521 aut
771 2480 806 2521 si
837 2480 1003 2521 unitam
1035 2479 1263 2521 eredentes
1295 2480 1533 2521 trinitatem
1556 2481 1774 2536 perpetuis
1796 2481 1948 2536 poenis
1971 2485 2099 2536 atque
2123 2481 2395 2533 cruciatibus,

197 2550 381 2591 flammis
414 2551 723 2605 tormentisque
757 2549 957 2591 omnibus
991 2564 1069 2605 pro
1093 2550 1390 2606 corporalibus
1414 2549 1527 2590 vitiis
1550 2563 1635 2591 non
1658 2554 1894 2606 peccantes
1917 2550 1961 2591 in
1986 2550 2139 2606 spiritu
2162 2554 2395 2605 torquean-

199 2624 280 2661 tur.
340 2633 439 2660 mea
469 2619 578 2660 haec
611 2620 827 2660 sententia
859 2623 943 2670 est,
981 2619 1106 2674 quod,
1141 2620 1175 2659 si
1208 2620 1353 2660 omnia
1383 2619 1491 2661 haec
1526 2618 1798 2660 Christianus
1833 2619 2036 2675 excipiat,
2069 2618 2177 2660 nihil
2209 2619 2396 2675 amplius

200 2689 420 2745 suscipere
453 2689 598 2731 valeat
620 2689 846 2730 Arrianus.
906 2694 981 2731 aut
1013 2694 1155 2731 utrum
1189 2691 1333 2732 anima
1364 2691 1536 2732 vinculo
1571 2691 1741 2732 seclusa
1775 2703 1993 2746 corporeo,
2027 2689 2223 2732 custodia
2254 2689 2397 2743 aliqua

338 2887 357 2921 7
384 2885 494 2931 Verg.
520 2885 610 2920 Aen.
629 2885 710 2927 VH,
734 2885 812 2920 282.
837 2885 914 2920 283.

339 3004 357 3038 1
376 3003 423 3048 et]
442 3016 482 3038 ex
501 3004 529 3036 G
592 3000 860 3047 promouentem]
879 3013 914 3035 se
931 3014 1009 3036 eum
1027 3003 1153 3036 foditur
1167 3022 1208 3027 —
1223 3015 1266 3037 ex
1282 3003 1369 3036 nihil
1385 3003 1542 3047 paenitus
1555 3008 1813 3047 promouentem
1826 3003 1967 3046 repetita
1980 3008 2057 3035 sum
2071 3002 2101 3035 G
2208 2999 2229 3034 2
2249 3007 2355 3035 status
2369 3001 2398 3034 G

199 3062 222 3097 3
245 3064 407 3107 fugitium
428 3063 457 3095 G
583 3061 604 3095 8
628 3067 729 3094 notus
750 3061 779 3094 G
906 3060 926 3094 9
951 3062 1108 3105 potabam
1129 3062 1158 3094 G
1239 3061 1399 3094 callidum
1422 3062 1452 3093 G
1580 3060 1624 3094 10
1648 3072 1788 3104 campus
1809 3061 1860 3093 G¹
1939 3066 2064 3093 uentus
2085 3060 2114 3092 G
2239 3058 2281 3091 12
2305 3071 2395 3091 man-

199 3122 334 3155 dantem
355 3121 417 3162 G¹,
441 3120 655 3153 mandentem
676 3119 728 3152 G‘-'
806 3120 921 3151 frenus
942 3119 972 3151 G
987 3119 997 3138 ¹
1072 3124 1221 3152 erentem
1242 3119 1272 3151 G
1396 3117 1439 3151 13
1464 3119 1602 3161 aliquod
1623 3119 1653 3152 G
1775 3117 1819 3151 14
1843 3116 1892 3160 ut]
1919 3119 1960 3151 ad
1981 3118 2011 3150 G
2142 3116 2183 3149 16
2208 3127 2347 3149 munere
2368 3116 2397 3148 G

201 3178 352 3222 omnino]
385 3184 569 3221 sequuntur
607 3178 733 3220 quique
770 3177 874 3210 etiam
906 3193 947 3199 -·
979 3177 1119 3221 capillos
1151 3177 1243 3218 uale,
1281 3187 1322 3209 ex
1354 3177 1500 3219 epistula
1532 3176 1668 3209 Sidonii
1697 3175 1757 3217 II,
1786 3179 1819 3216 1,
1852 3187 1960 3218 supra
1983 3187 2021 3217 p.
2048 3177 2104 3216 21,
2135 3175 2157 3207 l.
2175 3177 2194 3207 5
2218 3192 2261 3196 —
2279 3186 2318 3216 p.
2344 3176 2397 3214 22,

202 3238 223 3270 l.
245 3240 272 3278 7,
293 3237 408 3279 petita.
454 3236 503 3269 Be
527 3247 609 3268 vera
632 3236 668 3268 in
693 3235 873 3278 archetypo
899 3234 1060 3277 epistulas
1085 3234 1132 3266 ad
1153 3233 1332 3266 Ruricium
1357 3233 1457 3266 datas
1482 3234 1611 3276 aliquot
1635 3234 1850 3267 Sidonianae
1875 3233 2093 3275 ecccipiebant,
2118 3243 2134 3264 e
2159 3232 2278 3274 quibus
2295 3234 2338 3263 27
2360 3231 2396 3263 in

201 3295 320 3327 tabula
351 3294 458 3326 codici
485 3295 646 3337 praefixa
674 3299 890 3326 recensentur
919 3292 998 3324 hae:
1038 3290 1123 3332 III,
1152 3294 1183 3323 2.
1208 3293 1239 3324 8.
1266 3294 1316 3324 10.
1360 3291 1428 3332 IV,
1451 3294 1491 3323 21
1525 3291 1606 3332 (alia
1639 3292 1760 3324 sidonii
1786 3291 1828 3323 ad
1851 3301 2010 3333 asperum
2035 3303 2077 3316 =
2102 3289 2228 3329 MOP).
2265 3290 2318 3321 23.
2343 3290 2394 3321 25.

211 3351 248 3393 V,
271 3354 302 3385 2.
328 3355 360 3384 4.
388 3355 414 3384 7.
438 3355 486 3384 15.
512 3354 560 3384 16.
601 3351 662 3391 VI,
686 3354 736 3383 12.
776 3349 860 3391 VII,
885 3353 912 3382 1.
938 3353 969 3381 4.
997 3352 1026 3381 9.
1071 3348 1177 3389 VIII,
1202 3351 1251 3380 11.
1292 3347 1360 3389 IX,
1386 3352 1433 3380 11.
1485 3348 1551 3390 VI,
1577 3351 1625 3381 10.
1670 3347 1758 3388 VII,
1783 3351 1811 3380 1.
1837 3351 1866 3380 5.
1894 3348 1945 3379 13.
1987 3346 2099 3387 VIII,
2124 3349 2176 3379 10.
2201 3348 2242 3377 12
2272 3345 2306 3386 (?
2330 3345 2396 3377 alia

201 3409 323 3442 sidonii
346 3409 387 3442 ad
412 3408 578 3452 gothum).
618 3407 686 3449 IX,
701 3410 733 3440 8.
754 3410 780 3440 7.
799 3411 829 3440 9.
847 3410 895 3439 12.
917 3407 946 3439 G
1085 3404 1126 3437 17
1153 3403 1248 3448 XIV]
1269 3405 1391 3437 lemma
1406 3407 1551 3448 jerunt.-
1574 3406 1692 3448 incipit
1709 3405 1854 3448 epistula
1870 3404 1999 3448 paulini
2015 3404 2057 3436 ad
2074 3405 2222 3436 faustum
2239 3404 2341 3447 epffffi
2361 3403 2396 3444 0,

201 3468 298 3499 LXX
322 3467 441 3509 incipit
463 3466 607 3509 epistola
631 3466 760 3509 paulini
777 3466 819 3498 ad
835 3466 987 3498 faustum
1005 3463 1050 3495 P:
1073 3463 1222 3495 Paulino
1239 3462 1390 3495 Faustus
1407 3463 1592 3505 respondit,
1616 3464 1715 3506 infra
1731 3473 1780 3505 ep.
1800 3461 1875 3494 XV
2002 3461 2045 3493 18
2063 3459 2199 3504 pariter]
2224 3460 2259 3502 C,
2283 3472 2346 3493 om.
2365 3460 2399 3492 P

202 3522 245 3556 19
268 3523 437 3566 conpellet
453 3523 486 3555 P
613 3521 658 3555 20
681 3523 867 3555 committet
883 3521 916 3554 P
1043 3518 1088 3552 22
1112 3530 1236 3562 genere
1254 3518 1287 3550 P
1361 3520 1507 3562 optimae
1527 3519 1556 3552 Ο
1677 3517 1722 3552 23
1747 3521 1862 3552 faustu
1879 3518 1913 3550 P
1988 3519 2131 3551 domnus
2155 3529 2285 3560 semper
2305 3517 2399 3559 (691³

201 3578 248 3612 24
270 3581 502 3613 distrinetione
525 3580 558 3612 P
652 3585 745 3613 tanta
770 3580 803 3612 P
948 3579 993 3613 25
1018 3580 1199 3613 seueritate
1226 3577 1320 3619 (CDP
1415 3584 1633 3622 percontatur
1661 3578 1756 3621 (CyP
1851 3578 1973 3611 accedo
2000 3595 2040 3599 ——
2066 3574 2256 3617 inuolutus]
2283 3587 2344 3608 om.
2365 3574 2399 3607 P

201 3637 247 3670 26
281 3639 336 3685 die
362 3637 396 3670 P
583 3636 628 3670 29
664 3636 737 3681 pro]
771 3649 833 3670 om.
863 3638 892 3670 C
1081 3635 1127 3669 30
1159 3647 1236 3669 mea
1267 3654 1310 3658 —
1341 3634 1384 3668 31
1416 3635 1597 3679 Arrianus]
1631 3635 1843 3668 Hincmarus
1880 3636 1989 3667 locum
2025 3634 2061 3666 in
2095 3634 2182 3666 libro
2218 3632 2259 3665 de
2290 3643 2394 3675 prae·

201 3695 424 3728 destinatione
441 3706 466 3727 c.
484 3696 526 3728 35
552 3694 693 3737 (Illique,
716 3694 917 3737 Patroloyia
941 3695 999 3727 lat.
1023 3693 1165 3734 CXXV,
1182 3705 1221 3735 p.
1241 3692 1321 3728 372)
1349 3693 1460 3726 citavit
1481 3708 1523 3721 =
1544 3693 1586 3726 H
1659 3683 1800 3737 {pianos
1819 3692 1852 3724 P
1924 3692 2071 3734 excipiet
2086 3690 2131 3722 H
2193 3690 2338 3733 amplius
2358 3690 2394 3732 0,

202 3764 266 3786 om.
291 3752 366 3785 PH
499 3750 539 3784 31
566 3752 717 3785 arrianos
741 3751 774 3784 P
863 3753 977 3795 aliqua
1001 3752 1186 3795 maeipetur
1213 3750 1249 3791 C,
1273 3751 1339 3783 alia
1364 3753 1434 3794 qua
1457 3753 1611 3796 acipetur
1636 3750 1668 3784 P

2051 3825 2122 3861 35*

2469 327 2512 374 G

2469 1614 2552 1664 GP
