2583 4011
161 170 242 209 370

333 280 578 322 SIDONH
601 278 956 321 EPISTULAR
966 278 1062 321 ΠΜ

160 351 227 384 VII
247 352 304 385 ὦῶ
323 362 328 382 ;
356 347 535 382 terminus
549 374 556 380 .
574 375 580 381 .
597 374 603 380 .
619 347 704 391 poni
721 374 728 381 .
745 374 750 380 .
767 375 772 380 .
789 357 861 381 non
881 346 1046 390 potuerit
1063 345 1223 379 caritati.

163 463 227 496 vll
243 463 325 497 63:
352 461 417 495 sub
443 460 621 495 vanitatis
648 460 799 494 invidia.
836 460 877 502 cf.
904 461 998 497 175).

163 532 227 565 Vll
243 531 323 566 uA:
350 532 389 563 ut
417 532 454 564 ct
479 529 582 563 dives
607 529 666 563 hic
693 540 856 573 purpura
883 528 1063 571 byssoque
1082 527 1225 561 veletur

300 589 335 621 et
356 587 513 621 Lazarus
536 587 595 621 hic
615 586 798 621 ulceribus
817 588 854 619 ct
872 587 1091 630 paupertate
1117 584 1224 618 feria-

299 647 370 679 tur.

267 725 273 745 :
301 715 342 746 ut
361 740 367 746 .
385 740 390 746 .
409 741 414 747 .
434 712 576 746 Pharao
595 710 744 745 incedat
761 721 841 744 cum
862 708 1084 748 diademate,
1111 708 1224 742 lsrae-

304 769 370 803 lita
398 781 478 803 cum
505 767 675 813 cophino.

272 1021 278 1041 τ
306 1007 391 1041 dum
419 1007 455 1040 in
482 1007 549 1040 hac
576 1006 756 1049 figuratae
783 1005 983 1048 Babylonis
1001 1005 1148 1038 fornace
1166 1004 1226 1038 de-

304 1064 505 1108 coquimur.

271 1146 277 1166 :
305 1144 385 1166 cum
406 1131 559 1166 Ieremia.
580 1130 783 1175 spiritalem
804 1130 1001 1164 Ierusalem
1019 1129 1227 1173 suspiriosis

307 1190 527 1234 plangamus
553 1187 768 1222 ululatibus.

166 1259 232 1293 VII
249 1259 305 1293 028
323 1270 330 1291 t
357 1256 542 1291 desolatis.
582 1256 626 1298 cf.
651 1256 705 1290 III
724 1256 788 1290 1.4.

166 1316 232 1350 vn
249 1315 329 1350 55³:
357 1314 470 1348 altius
495 1313 678 1358 inspicite.
715 1312 756 1354 cf.
782 1311 832 1346 IV
849 1313 915 1353 9‚1.

166 1373 233 1406 VII
249 1372 301 1407 [1
323 1385 329 1405 :
357 1371 610 1416 nugigerulus.

166 1429 234 1464 VII
251 1430 331 1464 7:22
359 1429 615 1462 Arvernorum.
648 1438 713 1472 pro
740 1427 854 1468 dolor,
889 1426 1056 1468 servitus,
1091 1426 1166 1470 qui.
1200 1426 1228 1459 si

302 1485 420 1530 prisca
447 1484 726 1529 replicarentur.
760 1483 949 1518 audebant
980 1495 1017 1517 se
1043 1482 1229 1526 quondam

302 1543 433 1577 fratres
466 1541 572 1577 Latio
605 1541 726 1576 dicere
759 1543 797 1575 et
828 1540 1009 1586 sanguine
1043 1540 1089 1575 ab
1116 1540 1230 1574 Iliaco

304 1600 459 1645 populos
485 1600 707 1643 computare.
746 1598 791 1640 cf.
819 1609 847 1633 c.
863 1598 1077 1641 V11139sq.

271 1670 277 1690 :
305 1656 524 1691 Seronatum
545 1655 712 1691 barbaris
729 1655 938 1700 provincias
956 1654 1230 1700 propinantem.

302 1714 342 1756 cf.
370 1714 404 1748 H
419 1714 484 1755 1‚1.

167 1771 234 1805 Vll
249 1772 329 1813 25:
357 1773 495 1805 statum
523 1769 738 1804 concordiae
763 1796 770 1803 .
787 1796 794 1802 .
810 1798 817 1804 .
846 1769 1009 1804 incidite.
1047 1768 1088 1811 cf.
1114 1768 1228 1809 111‚4.

168 1829 235 1863 VII
251 1829 330 1863 [ss:
357 1840 422 1862 nec
448 1828 632 1872 imputate
656 1827 917 1861 maerentibus.
954 1828 996 1869 cf.
1012 1826 1125 1867 V4,1.

168 1885 235 1920 VH
248 1886 329 1920 82:
356 1887 441 1920 sunt
468 1910 475 1918 .
492 1911 521 1918 ..
547 1883 863 1929 praepedimento.
900 1884 941 1926 cll
968 1884 1019 1918 IV
1032 1883 1098 1923 24.

166 1999 235 2033 VII
247 2000 304 2039 &3
322 2011 329 2032 ε

168 2055 234 2091 VH
247 2056 303 2095 952
323 2068 329 2089 :

357 1998 631 2033 exactissimum
659 1997 792 2032 virum.

356 2055 584 2090 scintillasve
609 2054 938 2091 controversalium
970 2054 1230 2089 clausularum.

168 2170 234 2204 VH
249 2170 304 2211 9,4
323 2182 330 2203 :
358 2169 558 2214 plurimum
583 2180 711 2204 vereor
736 2181 781 2204 ne
799 2169 870 2214 ipsi
889 2169 1048 2214 amplius
1066 2169 1230 2211 lectioni,

302 2237 396 2271 quae
422 2226 490 2262 hoc
515 2227 560 2261 de
585 2238 622 2262 se
647 2226 797 2272 probat,
831 2237 943 2270 quam
973 2226 1066 2261 mihi
1092 2227 1229 2262 credas.

167 2340 237 2376 VH
250 2341 306 2382 9,9
327 2354 333 2374 :
360 2341 632 2387 praerogativa.
668 2341 709 2384 es.
734 2341 829 2384 11‚2.

272 2411 280 2432 :
306 2409 412 2433 aures
518 2410 682 2433 murmur
706 2397 908 2433 everberat.
945 2398 988 2441 cf.
1015 2399 1116 2441 132.

168 2569 236 2604 VH
249 2570 325 2611 9,ss
346 2582 353 2604 :
379 2568 559 2603 bonarum
584 2567 749 2613 partium
772 2580 901 2604 mores.
938 2569 981 2611 cf.
1005 2569 1040 2603 H
1057 2569 1123 2613 4‚3.

167 2627 235 2662 VII
250 2627 356 2668 ale:
381 2626 445 2660 diu
470 2625 594 2670 potius
619 2637 732 2670 quam
755 2625 849 2660 bene
874 2625 1008 2661 vivere.

169 2684 237 2719 VH
251 2684 354 2724 {³,132
381 2683 450 2717 hoc
475 2682 593 2717 solum
618 2685 752 2717 astruo.

273 2753 280 2773 :
307 2751 389 2774 cum
414 2739 558 2774 nullum
584 2741 767 2784 proferam
784 2739 1040 2784 nuncupatim,
1065 2739 1129 2774 ille
1148 2750 1232 2774 con-

308 2797 434 2832 fitetur
457 2796 654 2841 repulsam,
679 2796 743 2841 qui
771 2797 966 2841 profitetur
991 2796 1177 2831 offensam.

170 2912 360 2953 V119‚15:
393 2910 482 2944 deus
515 2912 648 2950 noster.
686 2911 750 2955 qui
783 2911 883 2946 Petri
919 2922 1008 2946 voce
1042 2911 1235 2946 damnavit

308 2968 346 3002 in
384 2967 532 3002 Simone
568 2978 677 3012 mago
715 2980 778 3003 cur
819 2968 1034 3013 opinaretur
1073 2969 1233 3014 gratiam

307 3024 578 3060 benedictionis
605 3025 724 3070 pretio
751 3036 828 3060 sese
854 3036 960 3070 posse
984 3025 1149 3061 mercari.

171 3139 239 3174 VH
259 3139 370 3181 9‚17:
401 3138 431 3173 si
473 3138 662 3174 natalibus
707 3139 887 3175 servanda
923 3140 1132 3175 reverentia
1168 3142 1234 3183 est,

308 3194 397 3240 quja
438 3197 475 3230 et
517 3196 583 3231 hos
623 3207 698 3231 non
737 3196 962 3232 omittendos
1003 3197 1235 3242 evangelista

308 3252 530 3287 monstravit
545 3253 644 3295 (nam
658 3253 774 3288 Lucas
788 3253 1042 3289 laudationem
1058 3254 1234 3289 Iohannis

308 3320 503 3355 aggressus
513 3310 873 3354 praestantissimum
884 3311 1125 3356 computavit,
1135 3311 1233 3356 quod

309 3365 354 3400 de
388 3366 609 3401 sacerdotali
647 3367 762 3412 stirpe
795 3368 986 3409 veniebat,
1027 3370 1064 3403 et
1098 3368 1234 3403 nobili-

310 3425 426 3458 tatem
452 3424 552 3459 vitae
577 3424 856 3469 praedicaturus
889 3425 990 3470 prius
1022 3427 1147 3461 tamen
1173 3438 1233 3462 ex-

312 3479 401 3515 tulit
425 3480 591 3516 familiae
617 3481 866 3527 dignitatem).

174 3537 241 3572 VH
255 3537 364 3578 218:
398 3537 598 3573 efficaciam
631 3539 677 3573 de
717 3538 926 3579 iuventute,
967 3538 1011 3573 de
1044 3542 1233 3575 senectute

310 3593 513 3630 consilium.
550 3596 592 3637 cf.
617 3595 751 3636 [1121.

175 3649 359 3692 VH9‚19:
385 3650 484 3686 domi
509 3651 642 3687 habuit
665 3651 763 3688 unde
788 3650 945 3687 disceret
968 3667 1011 3681 =

1094 163 1203 198 LOCI
1229 162 1415 197 SIMILES

1296 344 1422 379 From.
1443 345 1520 385 18‚3
1538 358 1544 378 :
1572 345 1680 378 finem
1706 346 1749 378 ut
1772 344 1886 379 amori
1912 345 2056 379 nullum
2073 356 2192 388 neque
2208 344 2358 379 modum

1341 403 1494 436 statuas.

1296 526 1416 560 Lacus
1443 526 1527 560 XVI
1547 526 1676 569 19sq.:
1704 526 1811 560 homo
1844 525 1994 569 quidam
2028 527 2108 560 erat
2142 526 2260 563 dives.
2295 527 2358 570 qui

1341 582 1566 617 induebatur
1592 594 1756 627 purpura
1782 584 1819 617 ct
1839 583 1947 627 bysso
1965 611 1972 617 .
1991 610 1997 616 .
2013 611 2019 618 .
2046 583 2092 617 Et
2110 585 2190 618 erat
2207 583 2359 627 quidam

1341 639 1529 674 mendicus
1556 639 1704 674 nomine
1730 639 1889 674 Lazarus
1914 668 1921 675 .
1943 668 1949 674 .
1972 667 1979 673 .
2006 640 2191 674 ulceribus
2216 641 2358 685 plenus.

1298 707 1418 742 Ganos.
1437 708 1453 741 Ι
1468 707 1568 751 Ssqq.
1607 707 1738 742 Psabn.
1756 709 1834 748 50,ss
1847 719 1894 751 sq.
1913 721 1919 742 :
1948 720 2029 743 cum
2055 709 2172 744 exiret
2197 709 2242 744 de
2260 710 2359 744 terra

1344 763 1506 808 Aegypti
1532 791 1540 798 .
1556 791 1587 798 ..
1622 763 1776 798 divertit
1807 764 1853 799 ab
1885 764 2057 799 oneribus
2086 765 2233 801 dorsum
2258 766 2357 801 eius:

1340 832 1471 855 manus
1489 821 1568 855 eius
1586 821 1624 855 in
1643 821 1802 866 cophino
1820 821 2036 856 servierunt.
2068 822 2111 864 cf.
2131 823 2207 857 va.
2227 824 2336 858 11114
2351 837 2358 858 :

1342 877 1506 919 ludaeis,
1539 890 1694 922 quorum
1728 878 1908 923 cophinus
1935 880 2156 923 faenumque
2182 881 2359 925 supelleX.

1342 934 1392 968 VI
1410 935 1477 970 542
1488 946 1564 979 sq:
1592 935 1751 980 cophino
1785 936 1968 980 faenoque
1997 936 2126 971 relicto
2153 964 2160 971 .
2176 963 2183 970 .
2212 937 2359 973 Iudaea.

1298 1003 1444 1038 Daniel.
1467 1004 1519 1038 ΙΠ
1535 1004 1581 1037 20
1593 1015 1640 1047 sq.
1661 1017 1668 1037 z
1696 1005 1737 1038 ut
1756 1032 1761 1038 .
1779 1031 1786 1038 .
1803 1033 1809 1038 .
1828 1004 2022 1039 mitterent
2039 1016 2099 1039 cos
2119 1005 2158 1040 in
2175 1006 2361 1041 fornacem

1343 1060 1441 1105 ignis
1467 1060 1631 1095 ardentis
1655 1071 1682 1095 e.
1696 1071 1726 1104 q.
1741 1071 1807 1104 seq.

1299 1129 1466 1163 [cremae
1491 1129 1654 1163 Lanwnt.
1680 1130 1696 1163 Ι
1713 1140 1760 1172 sq.

1299 1311 1396 1345 Plan.
1412 1311 1444 1345 V
1460 1311 1538 1353 14,5
1557 1324 1564 1345 z
1591 1311 1770 1346 altissime
1794 1311 1950 1356 inspexi.

1299 1369 1422 1402 Plaut.
1449 1369 1572 1403 Aulal.
1597 1370 1743 1410 1115,51
1764 1382 1770 1402 :
1798 1369 2038 1414 nugigerulis.

1299 1426 1460 1460 *Luem
1478 1427 1495 1460 Ι
1512 1426 1578 1460 427
1591 1437 1638 1470 sq.
1659 1439 1666 1460 :
1693 1426 1921 1470 Arvernique
1946 1426 2026 1461 ausi
2044 1426 2152 1461 Latio
2170 1438 2206 1461 se
2223 1427 2362 1471 fingere

1346 1484 1489 1525 fratres,
1515 1484 1696 1529 sanguine
1722 1484 1767 1518 ab
1794 1485 1906 1519 Iliaco
1932 1483 2073 1528 populi.

1300 1769 1389 1803 Hor.
1415 1779 1463 1812 ep.
1488 1769 1505 1803 I
1523 1769 1650 1810 1436:
1677 1769 1839 1804 incidere
1865 1769 2004 1803 ludum.
2056 1769 2169 1804 Sewwc.
2196 1780 2246 1813 ep.
2276 1769 2361 1811 17‚1.

1301 1883 1418 1917 Plaut.
1440 1883 1548 1916 Poen.
1565 1883 1708 1925 1112,2S
1726 1896 1733 1917 :
1759 1894 1806 1917 ne
1830 1882 2000 1918 fallaciae
2017 1884 2362 1928 praepedimentum

1346 1940 1541 1975 obiciatur.

1299 1997 1396 2032 Ptin.
1411 1997 1500 2032 VHI
1514 1998 1592 2038 23‚5
1611 2010 1618 2031 ε
1645 1997 1878 2033 exactissimo
1903 1997 1993 2033 viro.

1302 2054 1432 2100 Synmn.
1447 2054 1517 2089 VII
1536 2055 1557 2089 9
1584 2067 1590 2088 ;
1626 2054 1830 2089 scintillare
1872 2055 2104 2091 acuminibus
2138 2057 2250 2100 atque
2282 2066 2362 2090 sen-

1346 2111 1475 2147 tentiis
1501 2111 1679 2156 epistulas
1705 2113 1788 2147 tuas
1813 2113 1968 2157 gaudeo.

1300 2169 1389 2204 Stat.
1415 2169 1489 2204 silv.
1513 2171 1529 2204 I
1549 2169 1665 2214 praef.
1693 2181 1700 2203 ε
1733 2169 1846 2204 timeo
1880 2181 1927 2204 ne
1958 2181 2085 2205 verum
2116 2170 2213 2205 istuc
2239 2180 2362 2204 versus

1347 2238 1494 2271 quoque
1520 2226 1592 2271 ipsi
1618 2226 1663 2261 de
1688 2237 1725 2261 se
1750 2226 1919 2271 probent.

1300 2284 1348 2327 cf.
1372 2284 1511 2319 Auso‘n.
1530 2284 1571 2318 E
1593 2283 1680 2318 XXI
1697 2283 1784 2325 1‚20.
1821 2284 1907 2318 XVI
1925 2285 1988 2326 1‚9.

1300 2399 1424 2434 Plaut.
1451 2398 1577 2443 Amph.
1602 2399 1620 2434 Ι
1638 2398 1763 2440 1‚177:
1789 2409 1859 2433 vox
1885 2409 1992 2433 aures
2097 2398 2276 2433 verberat.

1302 2456 1445 2491 Dcocan.
1459 2456 1529 2490 VH
1541 2456 1595 2492 25.
1636 2456 1777 2490 Auso‘n.
1796 2455 1836 2489 E
1858 2456 1925 2490 XV
1938 2457 2008 2491 28:
2034 2467 2213 2500 auresque
2245 2466 2363 2490 sermo

1346 2513 1524 2548 verberet.

1301 2627 1423 2662 Plaut.
1442 2627 1541 2662 Tria.
1558 2628 1575 2662 I
1588 2628 1667 2670 227
1684 2627 1756 2670 (65)
1772 2639 1779 2661 :
1798 2627 1841 2661 ut
1857 2626 1922 2661 diu
1936 2626 2087 2670 vivitur,
2103 2627 2198 2662 bene
2214 2627 2364 2663 vivitur.

1302 2685 1397 2720 le.
1415 2685 1466 2719 IX
1479 2685 1579 2726 33,ss
1597 2698 1604 2719 :
1627 2684 1808 2719 adstruas.
1842 2684 1896 2718 HI
1908 2685 1985 2726 25:
2003 2682 2147 2729 aliquid
2165 2684 2364 2719 adstruere.

1305 2741 1372 2777 Cic.
1397 2742 1438 2776 cle
1461 2742 1542 2786 imp.
1569 2741 1632 2776 On.
1659 2742 1783 2785 Pomp.
1810 2741 1909 2783 13:317
1936 2753 1943 2775 :
1977 2740 2128 2776 nomino
2162 2741 2364 2782 neminem;

1350 2810 1463 2844 quare
1488 2798 1597 2833 irasci
1621 2797 1714 2832 mihi
1746 2809 1854 2833 nemo
1887 2798 2043 2844 poterit,
2076 2797 2148 2833 nisi
2181 2797 2245 2842 qui
2276 2798 2365 2832 ante

1350 2856 1396 2891 de
1421 2867 1458 2891 se
1482 2854 1645 2891 voluerit
1670 2855 1846 2890 confiteri.

1304 2914 1383 2949 Act.
1408 2917 1518 2958 apost.
1532 2914 1619 2948 VH]
1638 2913 1679 2947 19
1692 2924 1741 2957 sq.
1760 2926 1768 2947 z
1793 2913 1924 2948 Petrus
1949 2914 2074 2947 autem
2099 2912 2195 2947 dixit
2217 2911 2263 2947 ad
2282 2922 2365 2946 eum

1352 2971 1440 3016 (scil.
1463 2970 1649 3005 Simonem
1674 2971 1866 3016 magum):
1892 2969 2055 3005 Pecunia
2080 2972 2145 3005 tua
2169 2971 2292 3004 tecum
2317 2969 2366 3003 sit

1350 3027 1389 3062 in
1409 3027 1655 3073 perditionem
1675 3041 1682 3063 :
1708 3027 1883 3073 quoniam
1902 3027 2039 3062 donum
2056 3027 2123 3062 Dei
2145 3025 2365 3062 existimasti

1352 3085 1510 3130 pecunia
1535 3085 1725 3131 possideri.

1305 3256 1448 3291 *Lucas
1473 3257 1487 3290 I
1505 3259 1537 3291 5.

1304 3655 1363 3691 ’ξ’-Τ
1359 3658 1465 3690 erent.
1491 3654 1637 3703 Adelph.
1662 3655 1716 3690 HI
1732 3655 1811 3697 3‚59
1824 3655 1934 3698 (413).
