2583 4011
1093 203 1156 239 ET
1185 204 1517 241 LOCUTIONUM.
1907 222 1913 229 ·
2325 213 2408 252 467

247 318 370 354 medio
388 318 573 364 episcopo,
599 317 689 362 quia
706 317 823 353 lector
840 317 981 357 105‚33;
1008 317 1153 352 litteras
1171 331 1271 354 meas
1306 325 1309 370 ξ
1345 320 1461 365 [loqui
1483 334 1490 355 :
1518 322 1755 357 manifestum
1783 323 1968 358 hominem
1994 324 2224 359 demonstrat
2254 335 2411 360 umerus.

246 376 294 411 ad
324 375 507 411 formatae
543 375 678 416 vicem,
719 374 862 410 scilicet
891 377 935 410 ut
964 375 1098 414 lector,
1143 376 1273 411 elicuit
1307 378 1309 410 ζ

328 434 349 468 3
375 461 383 469 .

201 434 399 526 1001ῗ1411111ε
426 501 519 536 opus
544 493 599 525 est
624 491 666 525 ut
691 489 770 524 sine
789 489 1089 524 dissimulatione
1115 490 1270 533 lectites,

247 549 326 584 sine
363 548 435 583 fine
473 547 648 583 lecturias
684 547 782 588 34‚5;
822 558 1051 592 quamquam
1092 547 1271 583 incitatus
1308 578 1309 601 3

246 606 359 642 semel
376 606 523 640 animus
541 604 699 640 necdum
717 604 933 649 scripturire
951 604 1138 640 desineret
1154 606 1270 646 1253:

247 675 330 699 01101
371 663 505 698 merito
548 662 804 697 lecturiremus
838 663 935 702 1553
969 662 1012 704 cf.
1043 662 1271 707 scripturire.

245 720 453 756 taciturire.

199 778 346 824 legatus
364 791 372 812 ε
398 777 452 812 ita
478 777 649 812 vinxerat
673 788 799 813 omnes
825 777 942 823 legati
963 778 1096 823 genius
1113 778 1150 813 C.
1170 778 1272 813 1179.

198 835 332 880 legifer
349 847 356 869 :
382 833 527 880 legiferi
545 834 670 870 fratris
688 834 820 871 dextra
839 837 955 876 1465:
982 835 1161 880 quicquid
1180 836 1272 880 legi-

245 894 321 928 fero
352 892 510 938 profecit
539 892 675 938 Sparta
707 893 877 939 Lycurgo
903 894 939 929 C.
967 894 1001 928 Il
1018 894 1101 931 1613:
1139 893 1270 928 Chilon

247 951 402 996 legifero
427 950 529 996 prior
557 950 724 997 Lycurgo
751 952 788 986 C.
816 952 937 986 XXIII
956 953 1022 987 110
1047 951 1106 994 (cf.
1133 951 1270 985 Auson.
1306 965 1307 996 1

245 1008 342 1053 epist.
372 1008 456 1043 XX
470 1011 538 1052 72).

199 1066 356 1101 lemma:
375 1077 487 1110 quam
505 1065 576 1101 tibi
595 1065 644 1101 sit
662 1066 944 1111 epigmmmatis
961 1066 1121 1110 flagitati
1137 1067 1271 1100 lemma

246 1124 474 1170 placiturum
501 1124 636 1166 135‚14.

199 1181 540 1218 lenocinamentum
570 1183 682 1223 11:352.

1391 378 1569 413 latentem
1605 379 1713 414 deum
1749 381 1916 425 loquitur
1940 381 2172 427 principatus
2207 381 2244 417 F.
2268 381 2412 422 257233

1391 436 1508 479 itaque
1531 437 1752 471 scribemlmn
1776 442 1824 473 est
1852 439 1888 473 F.
1914 440 2017 475 298.ss
2038 453 2045 474 ε
2071 439 2134 484 qui
2155 439 2411 484 incorporeum

1391 504 1473 527 eum
1500 496 1582 537 (pro
1606 496 1703 538 cum)
1737 495 1920 539 loquitur.
1954 497 2066 531 otiam
2100 497 2412 542 incomprehensi-

1390 550 1536 584 sibilem
1563 552 1788 596 confitetur].

1345 607 1471 642 lucta:
1499 608 1757 652 palaestritae,
1785 621 1940 653 quorum
1969 611 2085 646 luctas
2111 611 2413 656 gymnasiarcho-

1391 676 1470 699 rum
1510 665 1616 709 virga
1652 666 1823 701 dissolvit
1861 668 1982 706 2322&
2025 672 2061 703 te
2098 669 2275 704 ambisset
2314 670 2409 704 liu-tn

1391 723 1574 758 Achelous
1601 724 1637 759 C.
1667 724 1784 759 XIST.

1345 781 1642 816 ludificabundus
1672 782 1782 817 1212.

1347 839 1524 884 [1110110111-
1548 853 1555 874 ;
1588 839 1624 873 in
1651 839 1785 874 Christi
1821 840 2022 875 luminaria
2047 840 2287 885 praeferendo
2313 843 2414 876 (2102.

1389 897 1520 941 274,5].

1345 960 1459 995 luna:
1486 960 1654 995 albentes
1688 961 1795 1005 nigro
1834 961 1900 995 suh
1927 963 2081 1005 gutture
2107 962 2168 997 (sc.
2195 961 2282 1004 mais)
2309 961 2415 994 11111113

1390 1020 1560 1063 frangere
1587 1018 1695 1053 ludus
1721 1021 1801 1053 erat
1826 1019 1863 1054 C.
1888 1019 1956 1053 VlI
1978 1020 2053 1053 191.

1307 1098 1308 1117 1
1343 1082 1446 1116 lusus
1470 1082 1511 1116 in
1538 1082 1647 1117 verbis
1672 1082 1775 1116 relati
1801 1082 1838 1116 in
1865 1082 2023 1117 concilio
2055 1082 2159 1116 iubet
2192 1081 2229 1115 in
2262 1081 2416 1116 consilis»

198 1239 375 1275 lentare:
409 1240 594 1275 lentatum
626 1251 692 1284 per
723 1239 888 1275 culmina
919 1243 1001 1276 tota
1033 1251 1206 1285 vaporem
1234 1240 1270 1275 C.
1308 1273 1309 1278 ,

245 1298 350 1333 XXII
366 1299 442 1333 191.

198 1356 331 1392 levites
361 1356 473 1397 1505.
506 1357 617 1396 1523.
645 1375 686 1380 -
713 1355 912 1391 leviticus:
939 1355 1115 1391 leviticae
1148 1355 1271 1401 digni·

245 1414 319 1449 tati
344 1413 438 1455 78‚6;
465 1413 608 1448 levitici
634 1412 776 1449 ordinis
804 1414 939 1456 100‚14.

198 1471 407 1507 libellaris:
433 1471 604 1506 libellare
629 1482 722 1516 opus
747 1471 925 1507 conficere
952 1472 1062 1513 1615.

198 1529 375 1564 libitina:
401 1540 484 1564 cum
510 1528 701 1563 libitinam
726 1528 844 1574 ipsam
871 1529 1000 1564 flentes
1018 1540 1145 1565 omnes
1164 1541 1272 1574 pren·
1306 1540 1309 1573 ζ

1306 1579 1309 1591 ,

243 1588 403 1624 sitarent
426 1587 540 1630 2926.

198 1645 319 1692 ligula
343 1645 490 1680 aurium
516 1645 598 1685 220
622 1644 765 1690 (legula
791 1643 917 1687 codd).

197 1703 330 1739 limes:
356 1702 520 1738 Danuvii
545 1702 646 1748 ripas
672 1704 710 1737 et
731 1703 893 1737 tractum
917 1702 1049 1737 limitis
1067 1702 1183 1748 ampli
1203 1702 1270 1737 cir·
1306 1689 1307 1752 ]

247 1761 325 1797 cuit
350 1760 388 1796 C.
415 1760 532 1796 11200
555 1760 600 1803 cf.
627 1760 742 1801 6831.
768 1760 902 1801 14321.
929 1760 966 1796 C.
995 1760 1063 1795 VII
1076 1761 1156 1796 342.

198 1820 406 1854 linteatus:
433 1818 532 1852 inter
557 1820 783 1863 purpuratos
808 1818 1010 1854 linteatum
1037 1819 1171 1859 128‚16.

197 1876 323 1912 lintris
346 1886 438 1910 owm.
463 1876 579 1920 sina:
607 1876 785 1920 Hercynii
810 1877 971 1912 nemoris
997 1877 1027 1911 si
1051 1877 1182 1922 stipite
1200 1876 1271 1911 lin-

244 1934 312 1970 tris
336 1936 442 1969 texta
466 1933 703 1969 Nabataeum
733 1945 801 1979 pro
825 1935 957 1970 Rheno
983 1934 1103 1970 sulcat
1127 1934 1271 1978 Hydas-

244 2003 318 2038 pen
342 1991 380 2028 C.
406 1991 521 2026 V283
545 1993 590 2034 cf.
614 1995 724 2037 [senet.
752 1992 932 2036 lyntrium
962 1993 1026 2036 (sic
1050 1992 1100 2037 L)
1127 1993 1217 2033 213.
1242 2003 1271 2026 r.

237 2050 352 2095 praef.
373 2061 412 2094 p.
440 2049 596 2084 XXIX.

196 2108 356 2144 litania:
383 2107 564 2142 incedunt
588 2107 808 2142 castorinati
834 2107 882 2142 ad
907 2107 1061 2143 litanias
1086 2109 1200 2151 8223.

198 2166 363 2213 [litterae
399 2165 568 2200 omissmn
596 2178 604 2200 ε
641 2165 773 2200 harum
809 2168 936 2201 autem
973 2166 1193 2212 portitorem
1232 2166 1270 2202 F.

242 2223 386 2265 270‚37;
418 2223 508 2258 addc
525 2224 568 2258 V.
587 2223 724 2265 ‘271‚34.
762 2223 804 2258 R.
822 2223 958 2264 32235.
976 2225 1114 2260 33621.
1133 2225 1270 2266 339‚12.

242 2281 380 2322 34525.
406 2281 556 2326 349‚25].

196 2338 351 2374 liturare
377 2339 436 2382 (=
461 2339 574 2373 litura
597 2338 720 2383 delere)
750 2340 883 2381 15223.

199 2397 344 2443 [localis
368 2397 407 2431 F.
432 2397 570 2438 279‚10.
596 2398 841 2439 295,9.12.14
865 2401 923 2432 etc.
960 2419 1002 2423 *-
1036 2399 1206 2434 localiter
1231 2399 1269 2434 F.

242 2455 396 2500 295‚28].

196 2513 418 2549 locaticius:
445 2511 621 2547 locaticia
646 2511 871 2558 fatigatione
897 2515 1134 2559 cognoscitur
1155 2516 1269 2557 9.<›‚14.

196 2571 387 2617 logicum:
413 2570 555 2616 primus
581 2572 618 2605 et
643 2582 739 2605 unus
761 2571 916 2616 physica
939 2572 999 2607 vel
1017 2572 1149 2618 logico⁷
1175 2572 1271 2618 logi-

243 2641 324 2664 cum
352 2629 412 2663 vel
436 2628 564 2674 iungit
587 2628 636 2662 ad
661 2629 767 2664 ethos
792 2629 830 2665 C.
855 2629 924 2664 XV
937 2631 1015 2666 101.

197 2687 324 2732 longae
354 2686 490 2721 vocales
520 2687 562 2720 in
591 2687 748 2732 syllabis,
787 2698 878 2732 quae
909 2698 984 2722 non
1015 2691 1103 2723 sunt
1133 2688 1271 2731 finales,

244 2747 446 2788 correptae:
471 2744 512 2786 ef.
538 2744 785 2790 Aquitanicis,
811 2745 1025 2791 CtEsiphon,
1052 2745 1164 2787 Dar-Ii,
1191 2745 1270 2780 dia-

244 2803 380 2844 stema,
409 2801 618 2848 geometra,
644 2803 837 2845 mathesis,
864 2803 1024 2841 Ninum,
1051 2803 1271 2848 phonascus,

245 2860 495 2906 sapphiratus⁷
521 2859 684 2895 TIcinus.

200 2918 437 2964 longaevitas
463 2917 553 2959 77‚5.

198 2977 342 3022 longe:
374 2977 524 3021 praeter
554 2975 840 3021 conscientiam,
877 2988 974 3022 quae
1005 2977 1164 3013 interius
1200 2977 1272 3012 tibi

245 3034 357 3080 longe
375 3033 628 3079 praestantior
644 3033 943 3078 eminentiorque
968 3035 1066 3076 39,8;
1092 3036 1135 3069 ut
1160 3035 1272 3080 longe

245 3091 458 3127 inferiorem
491 3091 600 3127 decet
631 3092 749 3134 145‚6;
789 3092 901 3137 longe
933 3092 1046 3127 altior
1079 3092 1199 3126 amnis
1234 3093 1272 3128 C.

244 3150 351 3184 XXII
365 3150 447 3191 184;
473 3161 507 3184 V.
532 3150 704 3184 multum.

198 3213 465 3259 longiuscule:
496 3213 731 3258 longiuscule
766 3224 824 3249 me
855 3214 1030 3259 progredi
1061 3226 1165 3250 amor
1203 3215 1272 3249 im-

245 3271 346 3317 pulit
369 3272 482 3314 143‚3.

199 3335 380 3381 longum:
407 3335 449 3370 de
472 3335 545 3370 loco
561 3334 707 3370 fluvius.
734 3335 799 3380 qui
827 3363 834 3370 .
850 3363 858 3370 .
875 3361 882 3368 .
909 3346 1082 3381 spumoso
1109 3335 1273 3371 canescit

245 3393 410 3439 impulsu
452 3395 490 3429 et
519 3404 588 3429 nec
620 3393 776 3438 longum
807 3393 968 3438 scopulis
1001 3393 1271 3438 praecipitibus

247 3453 441 3497 exemptus
466 3451 550 3486 lacu
574 3450 749 3486 conditur
773 3452 892 3493 26‚10;
925 3451 1080 3497 longum
1104 3451 1176 3486 tibi
1201 3451 1272 3486 etsi

247 3509 333 3545 sede
359 3509 534 3544 absumus
558 3508 679 3550 53,12;
706 3508 747 3543 de
771 3512 920 3554 tempore
944 3509 1090 3555 gratiae
1115 3508 1272 3554 longum

247 3567 319 3602 tibi
336 3566 605 3602 redhibeantur
620 3578 733 3611 quam
749 3567 995 3603 fundamenta
1011 3569 1090 3601 tam
1108 3567 1272 3602 culmina

246 3625 342 3667 41‚3;
367 3625 523 3670 longum
543 3635 565 3659 a
582 3624 720 3659 litteris
737 3625 956 3671 temperatis
973 3625 1093 3666 44‚24;
1116 3625 1271 3670 longum

246 3682 447 3725 taciturus,
472 3683 516 3716 ut
540 3681 680 3717 discam
706 3683 846 3725 152‚14;
877 3683 1032 3729 longum
1057 3685 1180 3718 tacere
1204 3694 1270 3718 nos

246 3739 288 3776 in
312 3751 508 3776 commune
532 3740 733 3788 dequestus
758 3752 796 3778 es
822 3741 935 3784 156,5.

1304 2295 1307 2329 1

1304 2336 1307 2371 Ι

1305 2749 1309 2781 Ι

1307 2908 1311 2977 ἰ

1307 3177 1311 3361 ι

1390 1142 1492 1175 tacet
1516 1141 1637 1180 21,15;
1674 1151 1781 1175 nemo
1808 1140 1954 1175 saeculo
1986 1151 2066 1174 mco
2094 1150 2190 1184 quae
2215 1139 2335 1174 voluit
2361 1141 2416 1173 af-

1391 1198 1535 1232 firmare
1567 1197 1617 1232 sic
1658 1198 1779 1232 valuit
1813 1198 1932 1240 55,2‹);
1971 1197 2039 1232 etsi
2072 1197 2235 1232 nondum
2270 1197 2417 1231 terebat

1391 1255 1532 1291 labore.
1567 1255 1640 1289 iam
1667 1258 1793 1290 tamen
1819 1255 2079 1300 expectatione
2105 1255 2269 1290 terrebat
2294 1256 2415 1298 59283

1391 1324 1464 1347 non
1505 1315 1625 1347 taetra
1666 1313 1728 1348 sed
1769 1313 1903 1348 tetrica
1937 1315 2032 1353 61.8;
2083 1305 2268 1358 suspicere
2305 1323 2414 1356 quam

1391 1370 1576 1415 suscipere
1603 1371 1719 1412 72243
1753 1372 1854 1406 facta
1887 1370 2023 1406 ducum
2055 1373 2167 1416 pacta
2193 1372 2415 1416 regnantum

1392 1428 1488 1470 7353:
1515 1439 1595 1463 mea
1623 1427 1774 1472 quidem
1802 1440 1890 1464 voce
1916 1429 1978 1464 scd
2005 1429 2084 1463 vice
2110 1431 2175 1463 tua
2201 1429 2296 1471 74,1;
2331 1439 2416 1462 con-

1391 1486 1519 1521 soleris
1539 1514 1545 1520 .
1561 1513 1568 1520 .
1586 1514 1592 1521 .
1611 1486 1815 1520 consularis
1830 1486 1928 1528 94‚5;
1947 1486 2116 1521 hostibus
2135 1514 2142 1521 .
2158 1513 2164 1520 .
2181 1514 2187 1520 .
2207 1485 2416 1531 hospitibus

1393 1545 1516 1585 11152s·
1533 1544 1578 1586 cf.
1600 1544 1741 1585 118‚24;
1769 1544 1869 1579 inter
1894 1546 2075 1590 perfectos
2093 1543 2229 1579 Christi
2251 1572 2257 1579 .
2274 1572 2280 1578 .
2295 1571 2302 1577 .
2320 1543 2418 1578 inter

1391 1601 1598 1647 praefectos·
1626 1601 1882 1637 Valentiniani
1904 1603 2020 1644 1125:
2049 1613 2125 1636 rem
2144 1601 2200 1636 tui
2228 1603 2265 1636 et
2282 1601 2418 1636 amoris

1392 1664 1430 1695 et
1462 1660 1574 1695 moris
1610 1659 1749 1700 122,25;
1787 1670 1861 1693 non
1895 1661 1971 1694 tam
2007 1661 2110 1695 fonte
2147 1670 2258 1704 quam
2298 1660 2417 1694 front‹¹

1392 1718 1506 1759 128,4;
1545 1728 1654 1762 quem
1688 1717 1825 1752 debeat
1856 1729 1931 1752 non
1965 1719 2042 1752 tam
2074 1717 2255 1752 honorare
2288 1729 2416 1752 censor

1389 1787 1503 1820 quam
1521 1775 1681 1810 censitor
1697 1776 1880 1815 (censetor
1896 1775 1940 1819 L,
1965 1786 2090 1809 censes
2110 1775 2146 1819 C,
2173 1786 2324 1810 censens
2342 1778 2417 1819 001.)

1390 1845 1542 1869 onerare
1562 1833 1701 1876 134‚‘24;
1728 1832 1864 1868 flumen
1892 1832 1931 1867 in
1950 1832 2071 1867 verbis
2089 1833 2228 1867 fulmen
2254 1832 2293 1867 in
2318 1833 2419 1867 clau-

1389 1891 1479 1926 sulis
1506 1891 1608 1935 1555)
1630 1892 1670 1933 cll
1691 1891 1728 1925 C.
1748 1891 1816 1925 XV
1831 1891 1890 1933 223
1918 1902 2001 1925 cum
2028 1890 2228 1925 severitate
2255 1918 2262 1925 .
2278 1917 2307 1925 ..
2335 1902 2417 1925 cum

1389 1949 1564 1984 serietate
1612 1949 1754 1991 164‚14;
1807 1948 2133 1994 occupatissimam
2183 1948 2416 1983 vacationem

1389 2007 1485 2049 8:22:
1512 2007 1688 2041 damnum
1716 2006 1890 2042 indemne
1916 2007 2036 2049 67‚‘21;
2069 2017 2176 2041 cruor
2200 2005 2416 2041 incruentus

1389 2065 1457 2100 164
1475 2077 1506 2099 v.
1525 2065 1585 2104 ‘2st
1611 2065 1780 2109 ignotum
1809 2064 1892 2109 plus
1917 2066 2044 2105 notus,
2072 2064 2176 2099 Nile,
2204 2075 2269 2108 per
2293 2066 2415 2099 ortum

1388 2123 1425 2158 C.
1453 2122 1522 2157 VII
1540 2123 1603 2163 443
1638 2122 1740 2166 [sono
1765 2121 1914 2157 dissono
1940 2122 1981 2156 R.
2008 2122 2136 2166 303³}

1480 2192 1555 2215 non
1587 2179 1793 2215 studiorum
1825 2179 1934 2214 modo
1966 2190 2092 2214 verum
2128 2179 2241 2214 etiam
2275 2179 2416 2215 studio-

1389 2249 1513 2273 sorum
1531 2238 1604 2282 2‚2;
1630 2238 1819 2283 dignitate
1847 2237 1937 2272 elati
1963 2236 2185 2282 dignatione
2203 2248 2415 2273 communes

1391 2295 1468 2337 14,9
1493 2296 1540 2337 cf.
1568 2297 1688 2337 107,(3;
1720 2295 1823 2341 genii
1849 2295 1975 2340 potius
2007 2306 2117 2339 quam
2144 2295 2287 2340 ingenii
2314 2296 2415 2330 simi-

1389 2353 1510 2388 litudo
1551 2353 1651 2394 14,13
1687 2354 1732 2396 cf.
1773 2353 1810 2388 C.
1848 2353 1960 2394 X‘20;
2004 2364 2072 2388 nec
2108 2364 2228 2388 moras
2262 2354 2416 2399 prodere

1388 2421 1511 2446 moror
1535 2410 1654 2452 30‚11;
1681 2412 1820 2445 venatu
1839 2409 1961 2445 utitur
1986 2421 2053 2445 nec
2078 2410 2200 2445 utitur
2217 2412 2417 2446 venatione

1388 2469 1507 2503 6122:
1535 2468 1738 2503 exercitum
1758 2468 2107 2504 exercitatissimum
2123 2469 2244 2512 41‚22;
2264 2469 2415 2504 dictasti

1388 2526 1535 2561 litteras
1560 2526 1748 2562 litteratas
1772 2527 1870 2569 68,3;
1897 2528 1940 2561 ut
1963 2526 2062 2562 sitim
2090 2529 2256 2562 nostram
2279 2527 2416 2562 litteris

1388 2584 1567 2619 litteratis
1584 2584 1756 2630 inrigetis
1773 2585 1873 2627 147,3
1890 2585 1936 2627 cf.
1951 2584 2263 2619 illitteratissimis
2278 2585 2416 2620 litteris

1389 2643 1508 2684 56‚21;
1529 2654 1596 2688 pro
1612 2642 1845 2688 supplicibus
1859 2642 2068 2688 supplicate
2085 2643 2204 2684 147‚5;
2223 2654 2315 2688 opus
2330 2654 2416 2688 ope-

1389 2700 1615 2735 rosissimum
1642 2700 1786 2742 157‚30;
1814 2712 1878 2745 pro
1901 2700 2093 2745 aequitate
2112 2727 2141 2736 ..
2163 2712 2253 2746 .pro
2279 2713 2417 2746 aequa-

1390 2757 1498 2792 litate
1518 2758 1657 2799 1:392&
1684 2758 1783 2803 quod
1808 2760 1846 2793 et
1871 2769 1960 2793 aure
1985 2762 2023 2793 et
2041 2769 2102 2793 ore
2120 2757 2230 2793 discis
2251 2760 2317 2795 164
2329 2761 2414 2801 v.4;

1390 2818 1578 2851 certavere
1610 2827 1716 2850 suum
1742 2815 1911 2850 venerari
1937 2815 2093 2850 numina
2117 2827 2256 2851 numen
2282 2817 2318 2852 C.
2344 2818 2416 2858 13;

1390 2873 1490 2908 Mars
1526 2873 1698 2908 laudavit
1735 2885 1824 2909 sono
1863 2873 2022 2908 fulmina
2064 2874 2246 2909 fulmineo
2280 2874 2317 2910 C.
2349 2875 2415 2916 16;

1391 2942 1472 2966 cum
1499 2931 1659 2966 intratos
1685 2931 1830 2966 exirent
1855 2943 1959 2966 arma
1984 2943 2050 2977 per
2074 2944 2195 2967 armos
2221 2932 2259 2967 C.
2283 2933 2416 2974 1114&

1390 3000 1464 3024 non
1490 3000 1668 3035 generum
1701 2989 1796 3034 legit
1826 3001 1881 3024 res
1907 2989 2070 3035 publica,
2108 2990 2171 3025 sed
2196 3001 2416 3036 generosum

1390 3047 1428 3082 C.
1455 3047 1587 3088 11219;
1614 3047 1785 3082 sulcabat
1810 3047 2001 3082 madidam
2026 3048 2102 3083 iam
2120 3050 2263 3083 torrens
2289 3048 2415 3083 alveus

1391 3105 1516 3140 alvum
1547 3105 1584 3140 C.
1615 3105 1752 3146 11338;
1786 3107 1830 3140 ut
1861 3105 2012 3140 tandem
2046 3106 2124 3141 iure
2161 3108 2310 3151 recepto
2342 3106 2413 3140 Rio-

1392 3163 1493 3198 mula
1529 3163 1701 3197 desuetas
1739 3162 1979 3198 moderentur
2016 3164 2170 3199 classica
2207 3164 2340 3198 classes
2378 3164 2416 3199 C.

1392 3221 1527 3263 113863
1558 3232 1579 3254 a
1605 3220 1734 3255 rastris
1767 3220 1815 3255 ad
1847 3223 1968 3257 rostra
1990 3232 2082 3267 roga
2116 3222 2153 3256 C.
2179 3222 2310 3262 1152&
2341 3233 2415 3257 non

1391 3290 1474 3314 cum
1501 3278 1650 3314 caderet
1675 3277 1812 3313 cecidit
1845 3279 1882 3314 C.
1910 3279 2016 3319 V72;
2054 3279 2125 3314 tibi
2150 3282 2281 3324 pareat
2306 3279 2415 3321 orbis,

1390 3347 1437 3371 ne
1462 3338 1591 3382 pereat
1616 3336 1653 3371 C.
1682 3337 1847 3379 V115173
1881 3337 2077 3372 continent
2101 3337 2263 3372 ministri
2290 3348 2353 3372 ora
2380 3339 2418 3372 et

1391 3394 1470 3429 lora
1494 3406 1626 3429 manus
1664 3396 1700 3429 U.
1728 3394 1851 3429 XXIII
1864 3395 1946 3437 326;
1988 3395 2058 3440 [ita
2083 3397 2298 3430 muneretur
2321 3395 2417 3430 acci-

1392 3451 1507 3496 piens,
1534 3453 1577 3487 ut
1601 3464 1676 3487 non
1700 3452 1907 3488 minoretur
1931 3453 2148 3498 impertiens
2174 3453 2212 3488 F.
2237 3453 2365 3498 2T0‚7].

1483 3511 1581 3545 notis
1601 3510 1711 3545 certis
1735 3513 1866 3546 auctor
1883 3511 2047 3546 incertus
2070 3512 2184 3552 16‚‘25;
2211 3510 2298 3546 odia
2316 3513 2418 3546 certa

1391 3566 1545 3602 crimine
1562 3567 1704 3603 incerto
1719 3570 1798 3610 ‘2052
1815 3569 1856 3612 cf.
1872 3569 1968 3610 46,ὅ;
1988 3568 2166 3614 quicquid
2180 3569 2415 3614 sperandum,

1390 3626 1570 3671 quicquid
1587 3626 1859 3672 desperandum
1877 3628 1933 3661 est
1950 3627 2049 3668 2243
2067 3626 2207 3662 iniuste
2225 3626 2297 3661 tibi
2317 3627 2417 3662 iusta

1390 3684 1581 3728 persoluta
1605 3685 1652 3720 30
1667 3696 1700 3719 v.
1720 3686 1783 3726 15;
1816 3683 2007 3719 dissimilis
2032 3684 2126 3719 situs
2151 3684 2324 3719 similiter
2349 3685 2414 3720 ob-

1390 3742 1506 3778 lectat
1530 3742 1649 3784 30,17;
1680 3753 1830 3788 campos
1855 3742 2021 3789 sepultos
2047 3741 2192 3778 ossibus
2217 3742 2415 3790 insepultis

2070 3847 2141 3884 59*
