2583 4011
1004 200 1066 238 XV
1094 207 1115 247 ς’
1142 202 1186 239 δ’]
1216 224 1256 230 -—-
1287 200 1365 236 XV!
1395 207 1416 245 ,ξ
1446 202 1495 236 li).
2268 206 2347 246 283

158 321 310 361 fruaris
343 320 509 361 officiis.
572 319 703 360 ardua
739 326 837 360 sunt
870 334 979 374 quae
1014 333 1089 374 pro
1126 319 1427 368 interrogantis
1463 319 1628 357 servm-‹-
1670 319 1966 371 volhupiinmr.
2009 320 2083 360 sed
2126 321 2195 359 ille
2230 319 2346 359 labo-
2427 313 2516 356 (il'

160 394 327 430 rantum
377 389 590 443 benignus
638 388 806 428 adiutor
853 398 938 428 tam
989 388 1081 428 leve
1130 388 1205 427 tibi
1256 388 1382 426 faeiat
1434 387 1576 435 iugum
1627 400 1770 427 suum.
1819 401 1943 440 quam
1992 388 2221 428 iucundum
2271 389 2349 428 erit

158 458 395 514 praemium
444 471 580 498 suum.
660 458 787 509 igitur
836 459 868 498 si
919 457 1083 512 trepida
1136 471 1282 512 parum
1333 455 1515 510 amplius
1567 454 1805 494 rudimenta
1856 457 2125 510 permittunt,
2174 458 2350 497 alternis
2396 463 2420 496 §i

159 527 366 568 hiemales
411 526 502 567 dies
544 527 717 567 ieiuniis
763 527 1078 579 transigantur:
1128 541 1238 580 quae
1283 526 1391 565 sieut
1437 523 1647 564 moderari
1693 525 1912 565 convenit.
1964 525 2021 564 ita
2066 539 2243 565 neeesse
2288 534 2349 565 est

105 605 118 627 -'·
157 595 381 651 duplicari.
448 595 675 651 duplicari,
715 596 911 650 inquam:
957 595 1039 635 duo
1082 595 1193 635 enim
1233 601 1329 634 sunt
1371 593 1663 633 abstinentiae
1702 607 1884 643 genera:
1930 607 2056 632 unum
2102 602 2162 633 est
2207 595 2350 634 invon-

91 952 120 973 lo

87 1645 120 1666 'lo

157 666 364 706 tinentiae.
398 665 636 720 appetitum
662 679 682 704 a
710 665 805 704 vibo
841 672 881 704 et
917 672 1016 720 potu
1051 671 1091 704 et
1127 680 1149 704 a
1183 664 1369 704 (liversis
1405 663 1638 703 earnalium
1675 663 1935 702 suavitatum
1972 663 2199 702 inlecebris
2234 679 2352 703 voer-

158 748 255 774 eere
289 740 331 774 et
366 747 534 773 vomere
568 735 707 773 erneis
741 741 898 773 terram
939 734 1119 774 subie‹·ti
1163 734 1391 773 exterioris·
1433 732 1634 772 edomare
1676 739 1715 771 et
1759 731 2006 771 nvvvssitati
2050 732 2186 786 potius·
2230 746 2352 785 «piam

160 803 366 858 voluptati
399 809 637 857 temperata
671 802 962 843 moderatione
996 803 1179 846 servire,
1222 803 1416 857 epulum.
1461 803 1491 841 si
1530 801 1747 855 permittat
1789 801 2028 840 infirmitas.
2076 800 2138 839 rel
2178 801 2353 840 alternis

158 871 332 916 diebus,
380 870 515 912 donee
551 872 610 911 vis
645 872 798 922 longae
833 872 1158 912 eonsuetudinis
1203 872 1361 911 sensim
1406 871 1716 913 dissuescatur,
1758 870 1970 924 aeeipere.
2032 869 2084 909 de
2130 884 2206 909 usu
2254 884 2352 909 vero
2379 874 2423 909 lo

157 940 505 981 indumentorum
551 940 758 994 paulatim
803 956 848 979 se
891 941 1080 993 gravitas
1121 940 1172 980 ad
1215 941 1417 981 inferiora
1456 940 1701 981 submittat.
1747 953 1798 978 ne
1841 939 1934 992 ipsa
1977 939 2144 978 novitas
2184 939 2353 978 subitae

162 1009 470 1050 mediocritatis
503 1008 706 1050 oti'endat.
769 1010 1086 1051 observandum
1131 1018 1197 1051 est
1237 1011 1369 1052 enim.
1411 1025 1462 1050 ue
1502 1010 1631 1049 elatio
1673 1009 1800 1049 etiam
1842 1008 1894 1048 (le
1940 1009 2069 1048 nimia
2116 1008 2355 1048 humilitate

157 1084 389 1131 generetur
422 1083 463 1117 et
498 1078 644 1118 vitium
678 1078 730 1118 de
768 1079 922 1118 virtute
958 1087 1178 1121 nascatur:
1213 1094 1322 1134 quae
1356 1087 1498 1119 tamen
1534 1078 1660 1118 i'aeile
1696 1077 1983 1132 superabitur.
2020 1078 2052 1117 si
2088 1077 2357 1117 confusibilis

160 1148 231 1188 illa
265 1147 526 1203 praeteritae
561 1149 905 1188 eom'ersationis
941 1148 1117 1188 historia
1152 1155 1252 1188 ante
1287 1148 1432 1188 oeulos
1458 1147 1698 1188 adducatur
1721 1155 1763 1186 et
1790 1161 1860 1186 rea
1883 1147 2153 1187 conscientia
2177 1146 2356 1201 trepidis

159 1217 359 1258 sensibus
394 1222 712 1272 praesentetur.
778 1218 831 1257 ita
869 1219 963 1261 liet,
998 1224 1061 1258 ut.
1102 1217 1200 1257 dum
1237 1231 1312 1272 per
1347 1216 1691 1257 recordationem
1726 1216 2058 1270 praeteritorum
2096 1216 2302 1255 malorum
2336 1218 2418 1255 all

107 1298 119 1318 '-
158 1286 330 1327 diabolo
374 1287 541 1339 ingesta
577 1287 874 1341 praesumptio
907 1287 1142 1340 eastigatur
1175 1286 1362 1341 dumque
1399 1286 1599 1326 iaetantia
1637 1285 1790 1325 validis
1824 1286 2046 1340 culparum
2083 1286 2213 1325 armis
2247 1286 2357 1325 victa

157 1355 426 1411 propellitur,
477 1356 655 1396 erimina
706 1369 815 1409 quae
864 1361 1182 1410 generaverant
1229 1361 1409 1395 mortem
1462 1355 1650 1394 militaro,
1704 1354 1911 1408 incipiant
1960 1355 2011 1395 ad
2065 1354 2268 1398 salutem,
2319 1355 2356 1394 in

159 1423 392 1465 remedium
442 1424 597 1465 delicta
646 1424 872 1479 proficiant
920 1431 963 1465 et.
1010 1424 1227 1465 medieina
1275 1423 1327 1464 de.
1371 1423 1625 1464 vulneribus
1675 1423 1934 1478 [abducatur
1981 1429 2043 1467 et,
2094 1424 2204 1464 sieut
2254 1423 2360 1464 dixit

156 1494 394 1550 apostolus,
429 1494 480 1534 de
515 1500 694 1549 peceato
733 1494 1010 1534 elaboremus
1044 1494 1250 1535 damnare
1285 1499 1526 1548 peecatum.
1590 1493 1773 1533 alterum
1807 1492 2098 1533 abstinentiae
2132 1507 2268 1546 genus
2294 1498 2358 1532 est
2381 1495 2427 1532 12

158 1564 290 1604 multo
324 1562 548 1604 sublimius
583 1563 801 1617 multoque
835 1564 1084 1618 pretiosius,
1119 1569 1258 1603 motus
1293 1563 1421 1603 animi
1457 1576 1623 1616 regere.
1661 1561 1978 1602 irrationabiles
2012 1562 2361 1617 perturbationes

157 1640 200 1673 et
239 1633 549 1687 cogitationum
599 1633 711 1672 inter
758 1646 803 1671 se
843 1632 1166 1672 collaetantium
1210 1631 1398 1672 rebelles
1438 1631 1646 1671 tumultus
1689 1632 1844 1671 mentis
1889 1632 2068 1686 imperio
2112 1631 2360 1685 subiugare,

158 1702 348 1742 malitiae
383 1702 498 1742 virus
531 1706 752 1756 tamquam
787 1702 1005 1741 funestum
1039 1701 1215 1756 aliquod
1250 1701 1509 1742 maleficium
1545 1701 1596 1741 ‹le
1631 1701 1927 1755 penetralibus
1960 1700 2101 1741 vsu-dis
2141 1715 2357 1756 exspuere

158 1778 201 1813 et
233 1772 420 1813 animam
455 1777 599 1812 contra
635 1771 900 1812 diversarum
935 1771 1092 1812 fluetus
1125 1772 1461 1827 temptationum
1497 1772 1764 1811 constantiae
1798 1770 2091 1811 moderamine
2115 1770 2358 1824 gnbernare

158 1846 202 1881 et
234 1845 383 1882 contra
416 1841 644 1896 passiones
679 1841 872 1882 occultas
897 1841 1013 1881 velut
1048 1846 1199 1882 eontra
1222 1840 1484 1882 domestieos
1511 1841 1708 1881 inimicos
1734 1841 1870 1881 rixam
1896 1838 2112 1895 quandam
2138 1840 2362 1880 irascentis

161 1911 259 1952 fidei
309 1912 567 1952 auctoritate
616 1925 869 1957 conserere,
919 1911 1067 1951 inanes
1114 1925 1238 1952 curas
1288 1911 1414 1963 longe
1458 1910 1672 1966 repellere
1718 1916 1760 1950 et
1799 1924 1823 1950 a
1863 1909 2000 1949 noxiis
2045 1910 2272 1964 ‹·olloquiis
2315 1925 2362 1948 ιι(-

89 1991 119 2014 ·-’-’·
159 1980 400 2027 desideriis,
434 1981 588 2035 quibus
622 1980 819 2021 diabolus
853 1982 1057 2035 pasoitur.
1091 1981 1313 2022 abstinere
1348 1991 1390 2022 et
1422 1996 1498 2037 per
1521 1980 1911 2027 mansuetudinem,
1946 1980 2211 2034 patientiam,
2245 1986 2360 2020 tran-

85 2338 118 2360 :to

158 2050 417 2105 quillitatem
452 2050 683 2104 imaginem
719 2050 786 2090 ‹lei
820 2051 861 2090 in
897 2051 1014 2091 vultu
1050 2051 1266 2092 interioris
1301 2051 1515 2091 excolere.
1581 2050 1715 2090 virum
1751 2049 1961 2103 spiritalia
1993 2054 2035 2089 et
2067 2048 2207 2089 divina
2244 2049 2431 2103 cogi-13

158 2124 322 2160 tantem
365 2119 538 2160 tristitia
579 2133 662 2160 non
702 2120 895 2175 frangat,
944 2120 1110 2161 laetitia
1153 2134 1237 2160 non
1281 2120 1488 2169 resolvat,
1540 2118 1777 2160 stabilitum
1825 2119 1865 2159 in
1906 2119 2059 2159 timore
2101 2118 2171 2158 dei
2210 2124 2361 2173 pectus

159 2188 360 2230 ostendat
402 2188 767 2243 magnanimitatis
815 2189 1077 2244 aequalitas.
1124 2194 1169 2229 ut
1208 2195 1250 2229 et
1291 2189 1414 2230 nobis
1452 2188 1645 2243 coaptari
1684 2188 1823 2243 possit
1860 2188 1996 2228 libelli
2041 2187 2156 2228 illius
2197 2187 2362 2241 insigne

158 2258 436 2314 principium:
486 2262 597 2299 erat
629 2258 702 2299 vir
742 2272 873 2299 unus
914 2257 1194 2298 abstinens
1229 2272 1283 2299 se
1317 2258 1377 2298 ab
1411 2258 1549 2298 omni
1583 2272 1635 2298 re
1669 2258 1816 2299 mala.
1881 2258 1976 2307 vir,
2020 2257 2176 2311 inquit,
2211 2270 2362 2303 unus*
2386 2259 2430 2295 1⁴1

156 2327 235 2368 hoe
268 2332 334 2368 est
367 2341 538 2383 semper
569 2327 702 2369 idem:
742 2328 842 2382 quia
873 2327 977 2368 nihil
1012 2329 1051 2368 in
1085 2342 1134 2368 eo
1167 2334 1260 2368 erat
1293 2328 1483 2378 dubium,
1518 2327 1621 2367 nihil
1656 2327 1831 2382 duplex.
1867 2326 1971 2367 nihil
2003 2325 2221 2371 accidens,
2255 2325 2357 2365 nihil

156 2396 335 2446 varium,
367 2397 471 2437 nihil
505 2396 737 2445 diversum,
771 2396 846 2437 sed
881 2410 975 2437 eum
1012 2397 1051 2437 in
1086 2402 1200 2438 statu
1234 2398 1437 2438 virtutum
1472 2410 1645 2437 suarum
1670 2395 1836 2450 aequali
1862 2394 2010 2435 ordine
2036 2400 2360 2449 permanentem

159 2472 356 2522 tempora
388 2480 473 2507 non
506 2466 734 2507 mutabant
771 2480 850 2507 nee
892 2480 1011 2516 eum,
1055 2473 1100 2507 ut
1140 2467 1316 2507 marinis
1357 2466 1560 2507 fluetibus
1604 2465 1734 2506 moris
1774 2470 1858 2509 ost,
1905 2465 1947 2504 in
1989 2464 2180 2504 alternas
2220 2467 2364 2519 partes

158 2535 329 2576 diversa
363 2539 588 2577 ventorum
621 2535 757 2577 flabra
790 2535 1034 2577 versabant.
1088 2537 1147 2577 ita
1179 2541 1222 2577 et
1242 2536 1467 2580 ,solla-itus
1500 2535 1569 2576 dei
1605 2535 1792 2576 famulus
1827 2535 2084 2575 inconeussa
2116 2533 2214 2574 fidei
2250 2533 2361 2574 mole
2383 2536 2431 2573 15

301 2756 341 2788 18
368 2754 471 2789 Rom.
493 2755 588 2790 VIII.
616 2756 646 2789 Ξ).
765 2757 808 2790 29
836 2756 860 2790 Ι.
892 2756 978 2799 lieg.
1008 2756 1032 2791 l.
1062 2757 1089 2790 l.
1166 2756 1187 2790 l.
1218 2755 1278 2789 101,
1307 2756 1331 2790 l.
1360 2757 1386 2789 1.

297 2871 313 2904 1
342 2873 459 2905 sororis
480 2875 520 2913 G,
546 2874 668 2905 furoris
690 2873 726 2913 Ι),
752 2865 1048 2906 frueris*Pithoeus
1145 2875 1391 2916 interrogantes
1416 2873 1442 2905 Ρ
1535 2872 1768 2915 colloquemur
1786 2871 1818 2903 P
1910 2871 1957 2903 illi
1986 2870 2017 2902 l'
2153 2867 2174 2901 2
2201 2869 2363 2911 benignos

156 2931 293 2963 adiutur
318 2930 350 2962 Ι)
440 2929 558 2973 quam]
583 2942 646 2962 om.
669 2933 698 2962 G
837 2930 860 2964 4
886 2932 1038 2964 liicmalis
1056 2932 1088 2963 Ι)
1172 2932 1345 2964 moderare
1368 2932 1395 2963 l’
1530 2931 1550 2961 s)
1574 2935 1625 2963 cst
1650 2930 1824 2972 duplicare
1843 2929 1875 2961 P
1966 2929 2032 2960 duo
2058 2946 2100 2950 --
2121 2940 2157 2970 p.
2176 2929 2256 2967 284,
2282 2927 2302 2959 l.
2323 2931 2362 2959 10

158 2986 319 3030 secunda]
345 2999 416 3019 cum
445 2999 495 3030 ep.
519 2988 567 3020 II
587 3000 608 3019 a
635 2988 764 3021 Fausw
790 2989 838 3021 ad
862 2989 1039 3021 Ruricium
1065 2989 1149 3022 daza
1165 2991 1246 3032 jere
1271 2989 1472 3022 com-enitent
1564 2989 1782 3021 abstenencia
1805 2986 1838 3019 P
1927 2997 2034 3019 uuum
2066 2983 2128 3027 est]
2163 2985 2315 3017 uniuersi
2335 2983 2368 3015 P

159 3044 180 3078 6
195 3051 274 3089 poto
286 3045 320 3078 P
435 3045 453 3077 ’Ῑ
472 3057 641 3087 *uomere
659 3058 730 3079 ras.
745 3058 760 3080 r
775 3048 814 3087 G,
832 3046 1012 3079 mouereP
1080 3058 1197 3079 cruces
1215 3048 1244 3076 G
1315 3046 1472 3079 exteriori
1491 3046 1662 3078 sedomare
1676 3045 1708 3077 P
1767 3045 1966 3077 necessitate
1983 3043 2047 3075 GP
2159 3043 2180 3073 8
2195 3042 2324 3084 uolupti
2337 3041 2368 3073 Ι)

159 3101 315 3146 epulum]
335 3104 419 3136 coni.
435 3103 635 3144 sslommsen,
653 3105 787 3147 pullum
805 3104 877 3145 GP,
894 3105 1034 3148 paulum
1050 3105 1207 3138 Pithoeus
1325 3105 1346 3136 5>
1364 3105 1494 3137 sinsum
1510 3103 1542 3135 P
1659 3102 1697 3135 ll
1719 3103 1971 3134 mediocretates
1988 3100 2020 3133 P
2133 3099 2175 3132 12
2190 3100 2320 3132 uirtutfi
2336 3098 2368 3130 P

161 3159 204 3192 13
230 3162 402 3204 p&eritate
428 3173 516 3194 corr.
542 3160 734 3205 pr&eritate
759 3161 821 3202 (Η,
847 3163 1018 3205 praeteriti
1038 3162 1071 3194 Ι)
1161 3164 1297 3195 conscia
1317 3162 1349 3194 P
1487 3161 1529 3194 16
1555 3158 1769 3205 propellitur]
1797 3160 1941 3203 pelletur
1960 3158 1992 3190 Γ
2081 3169 2185 3200 gener
2211 3159 2363 3197 (anei-ant

158 3230 191 3250 m
209 3218 243 3250 ἰη
261 3230 330 3251 ras.
351 3219 420 3260 ΙΝ)
447 3224 551 3252 ortem
571 3219 604 3251 P
731 3218 772 3252 17
798 3220 927 3252 delecta
949 3222 978 3252 G
1108 3220 1149 3253 18
1174 3221 1344 3264 apostolos
1360 3221 1391 3252 Ι)
1476 3217 1701 3261 elaboremus]
1728 3230 1767 3250 ae
1786 3218 1978 3250 laboremus
1997 3216 2029 3248 P
2158 3213 2198 3246 19
2223 3215 2364 3258 ptiosius

161 3282 268 3309 motos
297 3276 347 3309 G:
380 3278 435 3310 cui
466 3278 561 3310 nulla·
591 3278 820 3310 contradicere
854 3279 959 3321 possit
990 3279 1166 3311 infirmitas
1200 3280 1232 3311 ιἰι
1259 3291 1309 3321 ep.
1333 3278 1376 3310 II
1397 3279 1477 3310 add.
1597 3277 1728 3309 animae
1756 3275 1788 3307 P
1901 3286 2017 3317 regere
2046 3285 2132 3305 corr.
2159 3283 2282 3315 genere
2313 3271 2361 3302 ΙΗ

160 3335 411 3367 inracionabilis
437 3334 470 3366 P
605 3334 651 3366 2«)
674 3336 839 3368 tumultos
869 3336 897 3367 G
990 3342 1120 3369 mentes
1145 3335 1179 3368 P
1316 3334 1355 3367 21
1385 3337 1477 3368 uiros
1506 3338 1546 3375 (J,
1579 3345 1678 3367 ueros
1703 3333 1735 3365 P
1828 3331 2094 3376 penetrabilibus
2122 3330 2161 3370 G,
2193 3334 2363 3372 paenetra-

160 3393 287 3425 bilibus
313 3393 346 3425 P
436 3394 515 3426 cord
541 3394 583 3436 (is
608 3406 632 3425 s
652 3394 674 3426 l.
697 3393 764 3435 (1¹¹)
795 3394 824 3425 G
963 3392 1007 3426 22
1032 3394 1252 3426 moderamini
1278 3393 1311 3425 P
1452 3391 1496 3425 :23
1521 3393 1704 3425 irascentes
1731 3391 1762 3423 P
1905 3388 1950 3422 25
1975 3388 2127 3421 diabolos
2152 3392 2308 3430 pascetur
2334 3386 2366 3417 P

160 3447 233 3492 per]
259 3450 534 3483 beneuolentiam
563 3451 600 3483 in
625 3462 675 3493 ep.
703 3451 752 3483 II
771 3451 852 3483 adel.
1001 3450 1045 3483 2ss
1076 3449 1257 3493 interioris]
1288 3451 1317 3483 G
1349 3462 1423 3483 cum
1447 3461 1498 3492 ep.
1519 3449 1572 3491 II,
1597 3449 1762 3482 exteriore
1782 3447 1840 3489 (E
1944 3443 2111 3487 excolere]
2138 3445 2235 3476 cuius
2261 3444 2362 3475 decus

162 3519 230 3540 non
254 3508 290 3540 in
314 3509 463 3551 eorporis
487 3520 675 3552 personam,
709 3509 768 3542 sed
793 3510 828 3541 in
853 3509 956 3541 animi
981 3511 1122 3542 formam
1147 3510 1296 3542 sollertia
1321 3510 1460 3542 factoris
1486 3509 1654 3552 impressit
1676 3508 1713 3540 i‘n
1737 3518 1787 3549 ep.
1814 3505 1863 3537 II
1883 3504 1964 3536 add.
2081 3498 2299 3544 cogitantem]
2325 3506 2361 3532 ut

161 3566 242 3598 add.
273 3565 344 3605 GP,
369 3578 430 3598 om.
457 3577 508 3609 ep.
535 3567 581 3598 II
717 3565 760 3599 27
785 3568 928 3599 tristicia
954 3567 987 3599 P
1122 3566 1166 3599 ⁵28
1191 3568 1338 3610 coaptire
1363 3573 1475 3610 posset
1501 3566 1533 3598 P
1669 3563 1714 3597 29
1740 3559 1960 3607 principium]
1987 3560 2045 3592 ubi
2072 3559 2129 3591 ille
2161 3559 2362 3600 magnificus

162 3625 314 3665 helcana,
346 3625 405 3666 qui
430 3626 597 3667 possessio
623 3625 676 3657 dei
702 3625 952 3667 interpretatur,
978 3626 1032 3657 uir
1056 3637 1146 3657 uuus
1171 3626 1313 3666 mystico
1339 3630 1558 3666 nuncupatur
1583 3623 1716 3664 eloquio
1742 3622 1777 3652 ἱη
1801 3631 1851 3662 ep.
1884 3618 1925 3650 II
1948 3617 2030 3650 add.
2147 3627 2245 3648 omne
2271 3617 2307 3647 re
2332 3615 2365 3647 P

161 3680 206 3713 30
237 3682 285 3714 nil
314 3682 440 3725 duplex
470 3683 518 3714 nil
542 3700 585 3705 —
611 3683 658 3714 nil
687 3683 716 3714 G
832 3683 997 3715 accedens
1022 3682 1055 3713 P
1221 3681 1262 3714 31
1298 3682 1344 3714 nil
1374 3682 1403 3714 G
1520 3684 1610 3713 statii
1636 3679 1669 3711 P
1781 3676 1921 3720 aequale
1947 3675 1980 3707 P
2093 3670 2361 3716 permanentem]

162 3740 347 3773 accidentia
372 3741 406 3772 iu
431 3741 637 3773 contrarium
663 3752 730 3773 nou
757 3741 948 3782 mouebant,
976 3741 1149 3773 mutabilia
1176 3740 1256 3772 add.
1284 3751 1334 3782 est.
1365 3739 1385 3771 I
1388 3739 1409 3771 I
1544 3736 1588 3770 3⁵}
1613 3738 1719 3779 flagra
1749 3735 1812 3767 GP
1902 3733 2035 3766 sollitus
2060 3731 2091 3763 P

2023 3821 2094 3857 36*
