2583 4011
1034 200 1095 234 XV
1126 205 1145 242 ς·
1171 203 1214 233 :in
1243 221 1279 225 —
1313 201 1374 234 xv
1404 205 1422 242 ς·
1451 202 1503 235 ἵν.)Δ
2279 204 2349 242 251

165 316 408 371 pollebant.
454 316 505 357 de
540 317 696 371 quilius
730 317 924 357 dominus
958 317 996 355 iu
1031 317 1256 369 evangelio
1291 316 1414 356 ‹lii-ir:
1464 318 1610 356 multi
1653 317 1823 357 ‹livi-nt
1865 317 1984 356 milii
2029 319 2074 357 in
2120 318 2215 357 illu
2260 317 2356 356 ilie:
2436 317 2524 361 (il’

163 385 384 426 (lemine.
429 386 653 426 domine.
703 400 874 426 nonne
921 386 965 425 in
1009 386 1216 425 nomine
1256 392 1341 424 tuo
1384 385 1819 439 prophetavimus
1863 395 1910 425 et
1948 387 1991 425 iu
2029 387 2234 426 nomine
2270 396 2355 426 tuo

163 453 439 496 daemonia
471 455 721 496 eiecimus
762 464 810 495 et
857 455 901 495 iu
943 454 1148 494 nomine
1193 460 1277 493 tuo
1321 454 1553 494 virtutes
1598 454 1788 494 multus
1831 454 2077 493 fovimus?
2141 464 2190 494 et
2233 464 2356 495 tun(-

163 523 471 564 confitebor
505 524 636 565 illis.
679 525 799 578 quia
836 537 1109 578 numquam
1145 523 1257 562 novi
1294 537 1400 562 vos:
1447 523 1709 563 ‹lisa-edire
1743 539 1762 562 ιι
1802 538 1897 562 me.
1937 524 2023 576 qui
2058 524 2356 578 operamini

108 601 122 622 ἴ·
166 592 527 646 iniquitatem.
581 593 673 647 quis
706 592 930 632 abdicatos
967 605 1048 632 nou
1085 591 1310 642 intellegat
1344 607 1363 629 u
1401 592 1554 632 salute.
1589 592 1658 646 qui
1689 608 1711 631 a
1736 601 1970 646 conspeetu
2009 592 2137 646 putris
2163 592 2427 632 iubentur-ll

95 947 125 969 lu

91 1640 124 1661 ’,511

94 2332 126 2354 31)

165 660 430 702 abscedere?
485 661 523 702 iu
559 669 717 701 sortem
753 677 825 699 eos
860 674 979 701 suam
1014 674 1127 699 mors
1165 659 1461 700 indubitanter
1499 661 1701 715 accipiet.
1747 674 1852 715 quos
1894 660 1976 699 vita
2020 674 2128 713 qua«-
2163 660 2358 699 vlu-istus

162 737 228 770 est
262 730 488 784 ignorabit.
553 731 793 786 baptizatos
829 729 1055 785 perditioni
1092 728 1198 769 tradi
1234 743 1308 784 pro
1344 729 1641 784 iniquitatibus
1677 729 1763 769 suis
1797 728 1985 768 dubitus.
2021 742 2113 767 eum
2151 728 2357 782 baptisma

164 798 303 853 ipsum
338 813 412 854 per
444 799 692 840 multimoda
727 800 889 840 seelera
935 799 1075 854 perire
1118 805 1383 852 cognoscas?
1447 799 1555 853 quod
1603 808 1767 839 autem.
1815 800 1925 838 ¹sieut
1965 798 2117 853 pagiua
2160 799 2361 838 eontinet.
2381 802 2429 838 »1.ἰ

163 882 303 909 sermo
338 877 436 909 tuus
469 868 521 909 tle
556 876 681 923 poeta
715 877 934 909 mutuatus
975 869 1156 921 iguem
1198 869 1407 908 animae
1449 869 1713 924 simplicis
1747 867 2013 908 aestimavit.
2059 866 2110 906 ‹le
2154 867 2241 906 solu
2287 867 2362 906 liov

166 937 401 978 divinitatis
445 938 687 978 substantia
726 937 808 978 (liei
850 939 1069 979 convenit.
1115 939 1180 978 vui
1227 939 1331 979 niliil
1377 940 1644 994 appositum.
1693 938 1792 978 uiliil
1828 954 1851 977 a
1885 938 2102 992 ¹superiore
2146 937 2361 976 collatum.

162 1006 267 1047 nihil
293 1012 462 1047 constat
486 1007 747 1047 adiunctum.
803 1008 937 1047 iustus
962 1008 1120 1062 pariter
1143 1016 1185 1046 et
1211 1008 1387 1050 iustitia.
1423 1008 1570 1049 vivens
1596 1018 1639 1047 et
1668 1008 1767 1049 vita.
1805 1007 1978 1062 sapiens
2002 1014 2130 1060 utque
2155 1005 2360 1060 sapientiai

161 1083 246 1116 est.
290 1076 422 1117 virtus
466 1083 508 1117 et
552 1077 672 1130 origo
716 1077 943 1116 virtutum:
995 1076 1033 1116 in
1077 1077 1387 1132 principalibus
1430 1079 1541 1118 enim
1598 1078 1718 1117 bouis
1762 1077 1849 1116 suis
1891 1076 1966 1116 lioe
2010 1082 2074 1115 est
2119 1075 2206 1129 ipse
2251 1075 2361 1129 quod

163 1145 368 1200 possidet.
440 1146 563 1186 liomo
603 1160 704 1186 vero
748 1145 908 1201 duplex
958 1146 1151 1199 intellegi
1194 1153 1356 1201 potest.
1405 1147 1474 1201 qui
1518 1147 1663 1187 vivens
1711 1153 1752 1186 et
1796 1146 1932 1185 iustus
1978 1152 2021 1185 et
2067 1145 2238 1200 sapiens
2279 1144 2360 1184 «livi
2391 1147 2431 1183 lt'»

163 1219 326 1269 potest,
373 1215 457 1255 vita
497 1221 639 1256 autem
684 1221 725 1255 et
762 1215 927 1255 iustitia
965 1223 1006 1254 et
1047 1215 1262 1269 sapientia
1307 1214 1390 1256 divi
1427 1230 1508 1255 non
1544 1223 1707 1270 potest.
1751 1215 1848 1269 quia
1884 1215 1940 1255 ita
1975 1214 2039 1254 liis
2074 1213 2275 1254 induitur.
2319 1223 2361 1253 ut

117 1300 123 1312 ¹
165 1283 422 1339 aliquotiens
465 1292 662 1325 exuatur.
733 1284 844 1339 quod
891 1283 1049 1324 homini
1091 1283 1238 1324 datum
1285 1293 1371 1324 est.
1419 1284 1499 1324 deo
1540 1284 1711 1325 insitum
1755 1293 1832 1323 est.
1902 1284 2028 1323 liomo
2069 1283 2186 1323 verbi
2225 1282 2363 1332 gratia

163 1352 395 1394 deauratus
429 1359 508 1399 est,
542 1353 648 1395 deus
682 1367 830 1394 auu-um
866 1360 944 1397 est,
977 1353 1018 1393 in
1054 1366 1136 1407 quo
1171 1352 1247 1392 lioc
1282 1358 1349 1393 est
1384 1353 1575 1407 potentia
1610 1358 1652 1393 et
1685 1353 1823 1405 gloria
1856 1352 1966 1407 quod
2001 1357 2166 1393 natura.
2230 1366 2356 1391 uam.
2380 1353 2428 1391 -17

163 1422 276 1477 quod
310 1422 527 1463 subtiliter
566 1422 781 1463 indicasti.
823 1423 864 1462 si
905 1422 1081 1462 omnia
1123 1421 1249 1462 haec
1299 1436 1428 1476 quae
1468 1421 1680 1462 domnus
1725 1420 1953 1462 Marinus
1993 1421 2363 1461 interminatur

164 1491 437 1546 excipiunt
486 1499 816 1547 peccatores.
871 1490 996 1546 quid
1045 1490 1212 1531 maius
1262 1491 1409 1545 impii
1458 1498 1756 1531 mereantur
1803 1491 2000 1545 ignoro.
2077 1490 2236 1530 liabent
2283 1489 2361 1529 sul»

161 1560 424 1616 perennibus
462 1562 582 1601 malis
616 1567 658 1601 et
690 1561 903 1616 supplicia
935 1559 1095 1615 gradus
1136 1574 1255 1600 suos.
1300 1566 1346 1599 ut
1383 1560 1577 1613 gravium
1621 1559 1833 1599 obnoxius
1872 1564 2145 1614 peecatorum
2189 1559 2359 1599 intinitis

165 1629 286 1673 licet,
333 1635 475 1671 tamen
510 1635 741 1686 utcumque
777 1629 1034 1681 tolerandis,
1079 1629 1232 1684 impius
1268 1642 1368 1669 vcro
1403 1628 1607 1669 inauditis
1641 1629 1903 1669 eruciatibus
1936 1633 2198 1683 torqueatur.
2262 1636 2360 1668 tune
2389 1631 2429 1667 1⁵³

161 1703 305 1740 autem
346 1699 547 1754 baptismi
594 1700 734 1754 gratia
773 1699 826 1740 ab
872 1704 1050 1740 aeterna
1089 1702 1225 1739 morte
1269 1705 1416 1754 posset
1461 1698 1678 1738 hominem
1712 1697 1952 1741 vindicare.
1996 1699 2030 1739 si
2079 1698 2117 1738 in
2152 1697 2364 1752 aliquibus

161 1767 252 1808 eius
292 1768 518 1823 integritas
558 1774 600 1809 et
642 1768 831 1824 dignitas
871 1783 952 1809 non
995 1768 1170 1824 periret.
1234 1781 1366 1822 grave
1408 1767 1567 1808 crimen
1603 1775 1687 1819 est,
1731 1767 1842 1822 quod
1884 1767 2129 1809 haereticus
2163 1768 2432 1822 accipe1·e4‘.l

160 1836 310 1881 noluit,
345 1836 419 1878 sed
452 1852 536 1878 non
571 1838 711 1879 minus
745 1837 848 1878 illud
881 1851 1013 1893 grave
1048 1841 1124 1888 est,
1159 1835 1274 1892 quod
1307 1836 1569 1877 christianus
1604 1843 1647 1878 ct
1679 1837 1849 1892 accepit
1882 1843 1925 1877 et
1959 1836 2164 1892 perdidit:
2197 1851 2290 1876 nam
2322 1843 2364 1875 ‹·t

162 1905 232 1947 ille
265 1907 336 1961 qui
368 1906 525 1948 fiducia
556 1907 756 1963 baptismi
799 1907 990 1963 nuptiale
1033 1906 1275 1947 convivium
1319 1907 1429 1947 sacri
1471 1907 1639 1947 concilii
1685 1912 1918 1947 temerator
1959 1908 2190 1962 irruperat.
2232 1906 2366 1946 nitore

166 1976 366 2031 puritatis
406 1977 583 2018 amisso.
627 1978 678 2019 de
720 1978 887 2018 inlustri
931 1977 1139 2018 iustorum
1185 1981 1400 2018 conventu
1441 1977 1676 2032 expellitur
1718 1982 1759 2016 et
1802 1977 1843 2017 in
1884 1976 2123 2018 exteriores
2165 1976 2364 2016 tenebras

161 2045 453 2099 proturbatur.
508 2047 712 2102 numquid
747 2046 988 2088 credendus
1022 2052 1087 2086 est
1111 2047 1283 2087 niveum
1309 2052 1484 2087 sanetae
1509 2046 1852 2101 regenerationis
1875 2045 2096 2101 possidere
2120 2045 2364 2086 candorem.
2382 2048 2433 2083 bo

160 2115 230 2169 qui
263 2115 468 2166 incestus,
504 2118 722 2158 veneficus
757 2124 800 2158 et
833 2121 1035 2158 cruentus
1060 2117 1128 2158 vel
1161 2116 1232 2172 qui
1259 2117 1511 2171 praecipitio
1535 2121 1608 2157 aut
1632 2115 1866 2172 suspendio
1890 2116 2020 2156 vitam
2043 2114 2299 2171 praecidens
2324 2115 2363 2154 in

163 2189 331 2239 partem
366 2185 520 2226 transit
561 2186 816 2242 impiorum?
879 2186 1065 2241 legimus
1108 2186 1492 2240 inexstinguibiles
1533 2187 1726 2227 flammas
1772 2186 1895 2226 factis
1936 2184 2192 2241 capitalibus
2238 2187 2425 2240 prae-51

163 2258 357 2309 paratas,
399 2255 614 2297 hominem
654 2270 752 2297 vcro
791 2256 833 2296 in
873 2255 998 2296 malis
1039 2256 1128 2296 suis
1162 2256 1379 2297 viventem
1421 2271 1498 2311 per
1538 2257 1675 2297 solum
1719 2255 1981 2311 baptismum
2025 2255 2235 2295 salvatum
2270 2269 2364 2294 esse

166 2336 250 2364 non
283 2323 481 2378 legimus.
543 2325 786 2380 periculose
821 2324 899 2365 sibi
940 2324 1051 2380 quod
1095 2325 1296 2366 caelestis
1336 2325 1549 2380 scriptura
1588 2341 1671 2366 uon
1714 2325 1903 2380 loquitur
1943 2324 2117 2364 inimica
2155 2323 2364 2363 securitas

164 2393 406 2448 pellicetur,
456 2395 591 2436 multo
631 2394 922 2451 periculosius
967 2394 1042 2435 illa
1087 2409 1171 2435 non
1214 2394 1351 2436 credit
1389 2409 1499 2449 quae
1542 2396 1698 2436 veritas
1745 2394 2041 2435 comminatur.
2110 2392 2271 2447 aliqua.
2321 2394 2433 2432 11t52

164 2461 322 2513 dicitis,
355 2463 633 2505 beatissimus
658 2465 722 2506 vir
744 2464 937 2506 Marinus
968 2478 1063 2505 cum
1096 2464 1445 2506 interminatione
1482 2464 1706 2506 disseruit:
1739 2464 1815 2505 sed
1848 2464 1956 2504 sicut
1988 2462 2092 2503 illud
2124 2461 2236 2517 quod
2266 2477 2364 2517 pro-

165 2531 283 2572 misit
325 2532 521 2574 dominus
566 2533 847 2589 diligentibus
887 2549 932 2575 se
971 2534 1101 2575 etiam
1144 2534 1387 2575 testimonio
1430 2534 1617 2589 apostoli
1659 2548 1735 2589 pre
1775 2533 1835 2574 rei
1874 2531 2170 2587 magnitudine
2211 2531 2252 2571 in
2296 2545 2367 2571 cor

166 2601 352 2643 hominis
387 2616 472 2643 non
505 2603 713 2649 ascendit,
745 2605 805 2645 ita.
836 2604 1076 2645 futurorum
1107 2604 1376 2645 immensitas
1411 2604 1681 2645 cruciatuum
1715 2602 1941 2658 angustias
1974 2601 2185 2642 humanae
2210 2600 2365 2641 mentis

119 2688 126 2701 ν
169 2670 362 2721 excedit,
405 2685 516 2726 quae
547 2673 663 2713 mala
695 2677 1026 2715 momentaneae
1059 2673 1355 2729 paenitentiae
1399 2673 1553 2714 umbra
1596 2686 1681 2713 non
1724 2675 1935 2722 removet,
1977 2684 2087 2726 quae
2128 2669 2233 2710 fides
2273 2669 2365 2710 sine

166 2740 372 2795 operibus
404 2755 490 2781 non
523 2742 711 2797 repellit.
752 2743 907 2798 quibus
946 2744 1180 2785 terminum
1221 2743 1493 2785 saeculorum
1532 2743 1768 2784 labentium
1813 2755 1964 2783 cursus
1998 2741 2040 2782 in
2074 2740 2268 2781 flammas
2301 2739 2364 2780 in-

306 2868 320 2901 1
357 2867 490 2902 Matth.
513 2868 595 2902 Vll.
620 2869 674 2902 22.
706 2870 760 2904 23.
905 2871 926 2901 {l
961 2869 1024 2913 Ep.
1054 2868 1202 2903 Paulini
1228 2880 1280 2902 nr.
1308 2868 1404 2909 xlv,
1431 2871 1452 2914 ἓ
1474 2870 1505 2902 ὃ.
1650 2870 1699 2903 16.
1734 2869 1779 2903 32
1810 2867 1877 2912 Ep.
1908 2866 2054 2902 Paulini
2088 2878 2139 2900 nr.
2168 2867 2260 2907 xlv,
2288 2868 2308 2909 ᾗ
2335 2867 2366 2901 9.

164 2924 209 2958 24
233 2924 366 2959 Matth.
393 2924 507 2965 XXII,
535 2926 587 2960 11.
705 2926 749 2961 33
776 2927 801 2960 l.
827 2927 907 2961 Cor.
933 2926 978 2966 Π,
1004 2927 1035 2960 9.

304 2995 322 3027 1
349 2994 518 3039 dominus]
546 3008 609 3029 om.
628 2999 658 3029 G
784 2995 806 3028 2
831 3004 889 3030 tuo
916 2998 1050 3029 nomine
1075 2997 1230 3029 demonia
1252 2998 1282 3027 G
1415 2996 1436 3028 3
1461 2997 1602 3029 eicimus
1623 2998 1663 3036 G,
1688 2998 1878 3030 deieceuius
1897 2997 1930 3028 I’
2058 2995 2079 3028 4
2104 2994 2303 3037 confitebor}
2326 2996 2365 3033 G,

166 3054 246 3086 dicit
264 3053 297 3085 P
387 3054 590 3098 numquam]
613 3056 652 3096 G,
678 3067 745 3088 uon
765 3055 823 3097 (P)
974 3054 995 3086 5
1021 3055 1196 3088 abdicatus
1216 3054 1248 3086 P
1346 3055 1388 3087 ab
1414 3055 1523 3087 salute
1543 3054 1576 3086 P
1720 3054 1740 3087 6
1766 3055 1940 3088 abscidere
1962 3055 1991 3086 Ρ
2089 3065 2184 3086 suam
2211 3065 2306 3086 mons
2328 3054 2367 3091 G,

165 3123 246 3145 suas
271 3123 360 3144 mors
378 3112 410 3144 P
491 3114 584 3146 uitae
605 3114 634 3146 G
775 3111 793 3144 7
818 3113 991 3156 ignorauit
1013 3112 1042 3144 G
1131 3112 1322 3155 baptizatus
1350 3113 1541 3155 perdicione
1560 3112 1593 3144 P
1721 3114 1743 3145 ὅ
1768 3113 1874 3145 multa
1899 3112 1997 3144 moda
2016 3111 2048 3143 P
2130 3116 2317 3153 cognuscat
2342 3111 2370 3142 P

165 3167 187 3200 9
211 3175 288 3202 tuos
306 3170 337 3202 P
416 3172 582 3214 propheta
605 3171 805 3204 mutatusP
928 3170 970 3203 12
995 3171 1060 3203 hec
1085 3188 1129 3192 —
1156 3169 1198 3203 13
1223 3168 1383 3213 possidet]
1405 3183 1446 3196 -—-
1468 3170 1589 3203 Fausti
1614 3182 1664 3213 ep.
1686 3170 1715 3211 I,
1736 3173 1754 3202 7
1878 3169 1919 3202 13
1944 3169 2093 3213 possedit
2114 3169 2145 3200 Ι)
2218 3166 2363 3211 sapiens]

166 3234 200 3259 et
227 3227 307 3260 add.
330 3228 360 3259 G
500 3227 543 3261 14
566 3234 599 3262 et
623 3227 765 3272 iustitia]
794 3230 940 3261 iustitiae
970 3230 999 3259 (τ’
1093 3234 1127 3260 et
1151 3225 1326 3270 sapientia]
1354 3239 1418 3260 om.
1440 3228 1499 3268 (P)
1595 3229 1653 3270 qui
1681 3230 1711 3260 G
1854 3227 1895 3260 15
1920 3227 2056 3259 homine
2083 3225 2116 3257 P
2199 3227 2297 3257 homo
2326 3244 2364 3248 -

169 3283 211 3316 16
235 3296 357 3318 aurum
382 3285 444 3328 est]
472 3299 515 3312 =
539 3286 663 3319 Fausti
687 3299 738 3329 ep.
758 3287 788 3326 I,
810 3290 828 3319 7
957 3285 999 3318 16
1023 3284 1144 3329 gloria]
1175 3285 1248 3327 (P),
1273 3286 1315 3328 cf.
1336 3285 1492 3328 Par-alil).
1521 3285 1660 3326 XXIX,
1684 3290 1732 3326 11,
1755 3286 1863 3329 gratia
1885 3286 1915 3316 G
2058 3281 2100 3315 17
2125 3282 2284 3326 domnus]
2306 3284 2370 3316 GP

169 3341 212 3375 18
236 3341 360 3386 maius]
382 3344 422 3384 G,
447 3345 557 3387 magis
577 3344 635 3386 (P)
778 3343 821 3377 19
847 3345 970 3388 grados
988 3344 1022 3376 P
1103 3341 1155 3386 ut]
1179 3344 1219 3383 G,
1244 3349 1277 3376 et
1296 3342 1354 3384 (P)
1490 3342 1535 3375 20
1558 3344 1679 3386 impios
1700 3343 1764 3376 GP
1892 3341 1935 3374 21
1961 3342 2003 3374 ab
2027 3346 2163 3373 aeterna
2188 3339 2306 3382 morte]
2327 3343 2367 3380 G,

167 3401 300 3433 habetis
324 3412 387 3433 uec
411 3407 517 3434 morte
534 3402 567 3434 P
634 3403 740 3445 possit
761 3402 790 3435 G
906 3400 950 3434 22
975 3403 1124 3445 integras
1145 3401 1175 3433 G
1290 3399 1334 3433 23
1359 3399 1430 3443 sed]
1456 3413 1519 3433 om.
1539 3401 1598 3443 (P)
1671 3400 1734 3445 est]
1760 3413 1822 3434 om.
1838 3401 1871 3433 P
1938 3405 1971 3432 et
1993 3396 2136 3441 aceepit]
2164 3398 2286 3440 accipit
2305 3398 2362 3438 (P)

167 3456 213 3490 24
236 3459 313 3500 quis
333 3458 363 3491 G
432 3465 588 3492 teneatur
608 3460 648 3501 G,
671 3461 847 3492 timeratur
864 3459 897 3491 P
1009 3457 1054 3490 25
1071 3459 1234 3502 puritates
1251 3457 1285 3489 P
1351 3458 1540 3500 expelletur
1559 3459 1591 3490 P
1658 3459 1834 3491 exterioris
1855 3458 1884 3490 G
1999 3455 2044 3488 26
2067 3455 2286 3498 perturbatur
2304 3455 2362 3496 (P)

166 3513 345 3559 numquid]
375 3515 415 3556 G,
446 3528 515 3549 non
539 3517 573 3549 P
662 3518 904 3560 generaciones
935 3517 1104 3560 possedire
1130 3516 1162 3547 P
1299 3513 1342 3547 27
1376 3515 1526 3548 incertus
1556 3517 1732 3549 ueneficus
1767 3521 1800 3548 et
1829 3519 1990 3548 cruentus
2018 3513 2057 3553 G,
2089 3513 2177 3545 inter
2209 3513 2363 3553 incestos,

170 3575 349 3607 uenefeeos
374 3580 408 3607 et
430 3581 589 3608 cruentos
608 3575 640 3607 P
730 3576 785 3609 uel
811 3574 881 3618 qui]
906 3575 1106 3614 Mommsen,
1137 3574 1261 3615 uelque
1283 3572 1323 3613 G,
1347 3573 1402 3605 uel
1427 3573 1455 3604 P
1546 3575 1750 3617 praecedens
1771 3573 1836 3606 GP
1970 3570 2015 3603 28
2039 3570 2178 3602 transiet
2196 3569 2227 3601 P
2319 3569 2364 3602 in-

168 3631 420 3675 exstinguibilis
438 3631 471 3663 P
606 3632 650 3665 29
676 3632 746 3676 per]
770 3634 811 3674 G,
835 3646 902 3666 nou
922 3634 955 3665 P
1052 3633 1217 3676 baptisma
1236 3631 1269 3663 P
1406 3630 1452 3663 30
1476 3632 1685 3674 periculosae
1707 3632 1771 3664 GP
1862 3630 2022 3662 caelestes
2040 3627 2072 3659 P
2162 3627 2285 3669 legitur
2305 3626 2362 3667 (P)

167 3689 209 3722 31
236 3689 455 3733 periculosior
474 3689 532 3730 (P)
628 3692 764 3724 eredere
783 3691 841 3733 (P)
983 3690 1028 3724 32
1052 3690 1168 3722 dicetis
1186 3688 1219 3720 P
1354 3687 1399 3720 34
1423 3689 1613 3722 cruciatum
1633 3690 1663 3721 G
1756 3694 1884 3721 mentes
1909 3686 1941 3718 P
2078 3683 2123 3716 35
2148 3685 2287 3717 excedet
2305 3683 2361 3725 (ID

168 3749 255 3781 male
283 3747 313 3779 G
404 3751 637 3779 momentanea
664 3748 723 3791 (P)
793 3767 796 3769 —
820 3750 920 3782 fidem
947 3748 1006 3791 (P)
1147 3745 1191 3778 36
1219 3746 1361 3788 repellet
1386 3745 1445 3787 (P)
1542 3747 1737 3780 testimonis]
1767 3749 1796 3779 G
1888 3742 2161 3785 inextinguibilis
2186 3741 2219 3773 P

307 3824 475 3859 Smomus.
2047 3820 2092 3854 36
