<?xml version="1.0" encoding="UTF-8"?>
<!DOCTYPE html PUBLIC "-//W3C//DTD XHTML 1.0 Transitional//EN"
    "http://www.w3.org/TR/xhtml1/DTD/xhtml1-transitional.dtd">
<html xmlns="http://www.w3.org/1999/xhtml" xml:lang="en" lang="en">
 <head>
  <title>
</title>
<meta http-equiv="Content-Type" content="text/html;charset=utf-8" />
  <meta name='ocr-system' content='tesseract 3.04.00' />
  <meta name='ocr-capabilities' content='ocr_page ocr_carea ocr_par ocr_line ocrx_word'/>
</head>
<body>
  <div class='ocr_page' id='page_1' title='image "./monumentager08geseuoft_0402.png"; bbox 0 0 2583 4011; ppageno 0'>
   <div class='ocr_carea' id='block_1_1' title="bbox 93 428 134 471">
    <p class='ocr_par' dir='ltr' id='par_1_1' title="bbox 93 428 134 471">
     <span class='ocr_line' id='line_1_1' title="bbox 93 428 134 471; baseline -0.073 0"><span class='ocrx_word' id='word_1_1' title='bbox 93 428 134 471; x_wconf 72' lang='lat' dir='ltr'><em>G</em></span> 
     </span>
    </p>
   </div>
   <div class='ocr_carea' id='block_1_2' title="bbox 136 830 158 867">
    <p class='ocr_par' dir='ltr' id='par_1_2' title="bbox 136 830 158 867">
     <span class='ocr_line' id='line_1_2' title="bbox 136 830 158 867; textangle 90"><span class='ocrx_word' id='word_1_2' title='bbox 136 830 158 867; x_wconf 57' lang='grc' dir='ltr'>ΙΨ</span> 
     </span>
    </p>
   </div>
   <div class='ocr_carea' id='block_1_3' title="bbox 141 2224 164 2261">
    <p class='ocr_par' dir='ltr' id='par_1_3' title="bbox 141 2224 164 2261">
     <span class='ocr_line' id='line_1_3' title="bbox 141 2224 164 2261; textangle 90"><span class='ocrx_word' id='word_1_3' title='bbox 141 2224 164 2261; x_wconf 73' lang='grc' dir='ltr'>Ν)</span> 
     </span>
    </p>
   </div>
   <div class='ocr_carea' id='block_1_4' title="bbox 143 3051 166 3087">
    <p class='ocr_par' dir='ltr' id='par_1_4' title="bbox 143 3051 166 3087">
     <span class='ocr_line' id='line_1_4' title="bbox 143 3051 166 3087; baseline 0.174 -4"><span class='ocrx_word' id='word_1_4' title='bbox 143 3051 166 3087; x_wconf 72' lang='grc' dir='ltr'>ό</span> 
     </span>
    </p>
   </div>
   <div class='ocr_carea' id='block_1_5' title="bbox 205 201 1570 247">
    <p class='ocr_par' dir='ltr' id='par_1_5' title="bbox 205 201 1570 247">
     <span class='ocr_line' id='line_1_5' title="bbox 205 201 1570 247; baseline -0.004 -5"><span class='ocrx_word' id='word_1_5' title='bbox 205 208 284 247; x_wconf 73' lang='grc'>304</span> <span class='ocrx_word' id='word_1_6' title='bbox 1022 201 1203 235; x_wconf 72' lang='lat' dir='ltr'>RURICH</span> <span class='ocrx_word' id='word_1_7' title='bbox 1231 201 1570 236; x_wconf 75' lang='lat' dir='ltr'>EPISTULARUM</span> 
     </span>
    </p>
   </div>
   <div class='ocr_carea' id='block_1_6' title="bbox 1243 419 1344 459">
    <p class='ocr_par' dir='ltr' id='par_1_6' title="bbox 1243 419 1344 459">
     <span class='ocr_line' id='line_1_6' title="bbox 1243 419 1344 459; baseline 0 0"><span class='ocrx_word' id='word_1_8' title='bbox 1243 419 1344 459; x_wconf 76' lang='lat' dir='ltr'>VII.</span> 
     </span>
    </p>
   </div>
   <div class='ocr_carea' id='block_1_7' title="bbox 425 521 2174 633">
    <p class='ocr_par' dir='ltr' id='par_1_7' title="bbox 425 521 2174 633">
     <span class='ocr_line' id='line_1_7' title="bbox 425 521 2174 567; baseline -0.001 -1"><span class='ocrx_word' id='word_1_9' title='bbox 425 526 660 567; x_wconf 79' lang='lat' dir='ltr'>DOMINO</span> <span class='ocrx_word' id='word_1_10' title='bbox 695 524 807 565; x_wconf 64' lang='lat' dir='ltr'>SM)</span> <span class='ocrx_word' id='word_1_11' title='bbox 842 523 1164 564; x_wconf 72' lang='lat' dir='ltr'><strong>PEGULIARJ</strong></span> <span class='ocrx_word' id='word_1_12' title='bbox 1203 522 1260 562; x_wconf 82' lang='grc' dir='ltr'>ΙΝ</span> <span class='ocrx_word' id='word_1_13' title='bbox 1295 521 1554 563; x_wconf 76' lang='lat' dir='ltr'><strong>CHRISTO</strong></span> <span class='ocrx_word' id='word_1_14' title='bbox 1587 522 1866 563; x_wconf 80' lang='lat' dir='ltr'><strong>PATRONO</strong></span> <span class='ocrx_word' id='word_1_15' title='bbox 1904 523 2174 565; x_wconf 78' lang='lat' dir='ltr'>BASSULO</span> 
     </span>
     <span class='ocr_line' id='line_1_8' title="bbox 990 590 1611 633; baseline -0.003 0"><span class='ocrx_word' id='word_1_16' title='bbox 990 591 1280 633; x_wconf 75' lang='lat' dir='ltr'>EPISCOPO</span> <span class='ocrx_word' id='word_1_17' title='bbox 1313 590 1611 632; x_wconf 73' lang='lat' dir='ltr'>RURIOIUS.</span> 
     </span>
    </p>
   </div>
   <div class='ocr_carea' id='block_1_8' title="bbox 202 669 2394 1488">
    <p class='ocr_par' dir='ltr' id='par_1_8' title="bbox 202 669 2394 1488">
     <span class='ocr_line' id='line_1_9' title="bbox 349 669 2390 745; baseline 0 -14"><span class='ocrx_word' id='word_1_18' title='bbox 349 669 486 740; x_wconf 63' lang='lat' dir='ltr'>Qum</span> <span class='ocrx_word' id='word_1_19' title='bbox 528 705 594 731; x_wconf 81' lang='lat' dir='ltr'>me</span> <span class='ocrx_word' id='word_1_20' title='bbox 636 692 812 745; x_wconf 80' lang='lat' dir='ltr'>diligere</span> <span class='ocrx_word' id='word_1_21' title='bbox 855 696 1000 730; x_wconf 79' lang='lat' dir='ltr'>saneta</span> <span class='ocrx_word' id='word_1_22' title='bbox 1046 690 1185 744; x_wconf 82' lang='lat' dir='ltr'>pietas</span> <span class='ocrx_word' id='word_1_23' title='bbox 1234 693 1276 729; x_wconf 92' lang='lat' dir='ltr'>et</span> <span class='ocrx_word' id='word_1_24' title='bbox 1317 689 1389 743; x_wconf 85' lang='lat' dir='ltr'>pia</span> <span class='ocrx_word' id='word_1_25' title='bbox 1435 689 1641 729; x_wconf 85' lang='lat' dir='ltr'>sanctitas</span> <span class='ocrx_word' id='word_1_26' title='bbox 1689 694 1831 730; x_wconf 83' lang='lat' dir='ltr'>vestra</span> <span class='ocrx_word' id='word_1_27' title='bbox 1876 690 2089 744; x_wconf 77' lang='lat' dir='ltr'>dignetur,</span> <span class='ocrx_word' id='word_1_28' title='bbox 2139 690 2390 732; x_wconf 89' lang='lat' dir='ltr'>multimodo</span> 
     </span>
     <span class='ocr_line' id='line_1_10' title="bbox 205 757 2391 814; baseline 0.001 -17"><span class='ocrx_word' id='word_1_29' title='bbox 205 759 396 814; x_wconf 76' lang='lat' dir='ltr'>probaris</span> <span class='ocrx_word' id='word_1_30' title='bbox 431 760 603 800; x_wconf 78' lang='lat' dir='ltr'>affeetu.</span> <span class='ocrx_word' id='word_1_31' title='bbox 638 759 735 799; x_wconf 85' lang='lat' dir='ltr'>dum</span> <span class='ocrx_word' id='word_1_32' title='bbox 770 758 955 813; x_wconf 80' lang='lat' dir='ltr'>legenda</span> <span class='ocrx_word' id='word_1_33' title='bbox 987 757 1278 799; x_wconf 75' lang='lat' dir='ltr'>transmittitis</span> <span class='ocrx_word' id='word_1_34' title='bbox 1312 761 1354 798; x_wconf 92' lang='lat' dir='ltr'>et</span> <span class='ocrx_word' id='word_1_35' title='bbox 1386 758 1587 812; x_wconf 87' lang='lat' dir='ltr'>neglecta</span> <span class='ocrx_word' id='word_1_36' title='bbox 1619 759 1842 812; x_wconf 67' lang='lat' dir='ltr'>corrigitis,</span> <span class='ocrx_word' id='word_1_37' title='bbox 1877 758 2151 800; x_wconf 89' lang='lat' dir='ltr'>dilectionem</span> <span class='ocrx_word' id='word_1_38' title='bbox 2174 758 2391 814; x_wconf 87' lang='lat' dir='ltr'>diligendo</span> 
     </span>
     <span class='ocr_line' id='line_1_11' title="bbox 205 825 2390 882; baseline 0.001 -16"><span class='ocrx_word' id='word_1_39' title='bbox 205 828 446 882; x_wconf 77' lang='lat' dir='ltr'>provocatis</span> <span class='ocrx_word' id='word_1_40' title='bbox 486 835 527 868; x_wconf 87' lang='lat' dir='ltr'>et</span> <span class='ocrx_word' id='word_1_41' title='bbox 565 827 676 882; x_wconf 90' lang='lat' dir='ltr'>quod</span> <span class='ocrx_word' id='word_1_42' title='bbox 716 826 979 881; x_wconf 74' lang='lat' dir='ltr'>praedicatis</span> <span class='ocrx_word' id='word_1_43' title='bbox 1012 825 1156 866; x_wconf 87' lang='lat' dir='ltr'>verbis</span> <span class='ocrx_word' id='word_1_44' title='bbox 1196 825 1356 866; x_wconf 85' lang='lat' dir='ltr'>docetis</span> <span class='ocrx_word' id='word_1_45' title='bbox 1399 826 1622 881; x_wconf 83' lang='lat' dir='ltr'>exemplis.</span> <span class='ocrx_word' id='word_1_46' title='bbox 1684 826 1758 867; x_wconf 86' lang='lat' dir='ltr'>sed</span> <span class='ocrx_word' id='word_1_47' title='bbox 1790 827 1991 880; x_wconf 85' lang='lat' dir='ltr'>quoniam</span> <span class='ocrx_word' id='word_1_48' title='bbox 2024 841 2170 868; x_wconf 90' lang='lat' dir='ltr'>semen</span> <span class='ocrx_word' id='word_1_49' title='bbox 2203 831 2390 869; x_wconf 89' lang='lat' dir='ltr'>vestrum</span> 
     </span>
     <span class='ocr_line' id='line_1_12' title="bbox 204 894 2390 950; baseline 0.001 -15"><span class='ocrx_word' id='word_1_50' title='bbox 204 897 244 935; x_wconf 94' lang='lat' dir='ltr'>in</span> <span class='ocrx_word' id='word_1_51' title='bbox 278 901 389 936; x_wconf 80' lang='lat' dir='ltr'>terra</span> <span class='ocrx_word' id='word_1_52' title='bbox 425 896 557 936; x_wconf 81' lang='lat' dir='ltr'>sterili</span> <span class='ocrx_word' id='word_1_53' title='bbox 592 906 633 935; x_wconf 84' lang='lat' dir='ltr'>et</span> <span class='ocrx_word' id='word_1_54' title='bbox 666 895 845 935; x_wconf 83' lang='lat' dir='ltr'>dumosa.</span> <span class='ocrx_word' id='word_1_55' title='bbox 878 909 961 934; x_wconf 93' lang='lat' dir='ltr'>non</span> <span class='ocrx_word' id='word_1_56' title='bbox 999 894 1182 949; x_wconf 86' lang='lat' dir='ltr'>proficit,</span> <span class='ocrx_word' id='word_1_57' title='bbox 1225 898 1374 949; x_wconf 81' lang='lat' dir='ltr'><strong>utpote</strong></span> <span class='ocrx_word' id='word_1_58' title='bbox 1407 894 1520 948; x_wconf 90' lang='lat' dir='ltr'>quod</span> <span class='ocrx_word' id='word_1_59' title='bbox 1553 895 1747 935; x_wconf 91' lang='lat' dir='ltr'>sentibus</span> <span class='ocrx_word' id='word_1_60' title='bbox 1782 895 2215 950; x_wconf 80' lang='lat' dir='ltr'>supercrescentibus</span> <span class='ocrx_word' id='word_1_61' title='bbox 2259 896 2390 937; x_wconf 83' lang='lat' dir='ltr'>suffo-</span> 
     </span>
     <span class='ocr_line' id='line_1_13' title="bbox 205 963 2391 1018; baseline 0 -14"><span class='ocrx_word' id='word_1_62' title='bbox 205 970 337 1005; x_wconf 80' lang='lat' dir='ltr'>catur.</span> <span class='ocrx_word' id='word_1_63' title='bbox 378 979 429 1005; x_wconf 83' lang='lat' dir='ltr'>ne</span> <span class='ocrx_word' id='word_1_64' title='bbox 463 965 570 1005; x_wconf 81' lang='lat' dir='ltr'>sieut</span> <span class='ocrx_word' id='word_1_65' title='bbox 604 964 912 1003; x_wconf 76' lang='lat' dir='ltr'>infructuosam</span> <span class='ocrx_word' id='word_1_66' title='bbox 947 963 1063 1002; x_wconf 82' lang='lat' dir='ltr'>illam</span> <span class='ocrx_word' id='word_1_67' title='bbox 1104 963 1333 1003; x_wconf 85' lang='lat' dir='ltr'>ficulneam</span> <span class='ocrx_word' id='word_1_68' title='bbox 1370 977 1438 1003; x_wconf 92' lang='grc'><strong>1110</strong></span> <span class='ocrx_word' id='word_1_69' title='bbox 1477 963 1624 1004; x_wconf 88' lang='lat' dir='ltr'>iubeat</span> <span class='ocrx_word' id='word_1_70' title='bbox 1663 963 1859 1004; x_wconf 86' lang='lat' dir='ltr'>dominus</span> <span class='ocrx_word' id='word_1_71' title='bbox 1893 964 2065 1015; x_wconf 88' lang='lat' dir='ltr'>vineae,</span> <span class='ocrx_word' id='word_1_72' title='bbox 2107 978 2232 1018; x_wconf 89' lang='lat' dir='ltr'>quem</span> <span class='ocrx_word' id='word_1_73' title='bbox 2272 968 2391 1005; x_wconf 89' lang='lat' dir='ltr'>tanto</span> 
     </span>
     <span class='ocr_line' id='line_1_14' title="bbox 205 1031 2391 1088; baseline 0.001 -16"><span class='ocrx_word' id='word_1_74' title='bbox 205 1039 397 1087; x_wconf 84' lang='lat' dir='ltr'>tempore</span> <span class='ocrx_word' id='word_1_75' title='bbox 438 1034 696 1088; x_wconf 72' lang='lat' dir='ltr'>nequiquam</span> <span class='ocrx_word' id='word_1_76' title='bbox 738 1037 985 1087; x_wconf 79' lang='lat' dir='ltr'>exspectat,</span> <span class='ocrx_word' id='word_1_77' title='bbox 1035 1031 1220 1081; x_wconf 77' lang='lat' dir='ltr'>abscidi,</span> <span class='ocrx_word' id='word_1_78' title='bbox 1264 1046 1340 1072; x_wconf 84' lang='lat' dir='ltr'>vos</span> <span class='ocrx_word' id='word_1_79' title='bbox 1382 1032 1640 1073; x_wconf 85' lang='lat' dir='ltr'>severiorem</span> <span class='ocrx_word' id='word_1_80' title='bbox 1689 1032 1947 1074; x_wconf 90' lang='lat' dir='ltr'>sententiam</span> <span class='ocrx_word' id='word_1_81' title='bbox 1997 1032 2159 1074; x_wconf 85' lang='lat' dir='ltr'>orando</span> <span class='ocrx_word' id='word_1_82' title='bbox 2207 1033 2391 1085; x_wconf 85' lang='lat' dir='ltr'>differte,</span> 
     </span>
     <span class='ocr_line' id='line_1_15' title="bbox 204 1100 2392 1156; baseline 0.001 -15"><span class='ocrx_word' id='word_1_83' title='bbox 204 1101 339 1142; x_wconf 76' lang='lat' dir='ltr'>donee</span> <span class='ocrx_word' id='word_1_84' title='bbox 373 1101 593 1142; x_wconf 83' lang='lat' dir='ltr'>doetrinae</span> <span class='ocrx_word' id='word_1_85' title='bbox 626 1106 797 1142; x_wconf 74' lang='lat' dir='ltr'>vestrae</span> <span class='ocrx_word' id='word_1_86' title='bbox 831 1100 1094 1156; x_wconf 82' lang='lat' dir='ltr'>pinguedine</span> <span class='ocrx_word' id='word_1_87' title='bbox 1128 1106 1347 1155; x_wconf 78' lang='lat' dir='ltr'>tamquam</span> <span class='ocrx_word' id='word_1_88' title='bbox 1380 1105 1570 1142; x_wconf 82' lang='lat' dir='ltr'>stercore</span> <span class='ocrx_word' id='word_1_89' title='bbox 1604 1101 1844 1142; x_wconf 81' lang='lat' dir='ltr'>amaritudo</span> <span class='ocrx_word' id='word_1_90' title='bbox 1872 1102 2137 1143; x_wconf 89' lang='lat' dir='ltr'>infructuosa</span> <span class='ocrx_word' id='word_1_91' title='bbox 2159 1101 2392 1145; x_wconf 83' lang='lat' dir='ltr'>dulcescat.</span> 
     </span>
     <span class='ocr_line' id='line_1_16' title="bbox 205 1169 2390 1226; baseline 0 -16"><span class='ocrx_word' id='word_1_92' title='bbox 205 1170 280 1210; x_wconf 82' lang='lat' dir='ltr'>sed</span> <span class='ocrx_word' id='word_1_93' title='bbox 320 1171 516 1224; x_wconf 80' lang='lat' dir='ltr'>quoniam</span> <span class='ocrx_word' id='word_1_94' title='bbox 558 1171 652 1226; x_wconf 89' lang='lat' dir='ltr'>plus</span> <span class='ocrx_word' id='word_1_95' title='bbox 691 1176 790 1211; x_wconf 91' lang='lat' dir='ltr'>sunt</span> <span class='ocrx_word' id='word_1_96' title='bbox 833 1170 946 1226; x_wconf 80' lang='lat' dir='ltr'>apud</span> <span class='ocrx_word' id='word_1_97' title='bbox 988 1184 1055 1211; x_wconf 91' lang='lat' dir='ltr'>mc</span> <span class='ocrx_word' id='word_1_98' title='bbox 1094 1169 1252 1210; x_wconf 88' lang='lat' dir='ltr'>delicta</span> <span class='ocrx_word' id='word_1_99' title='bbox 1291 1184 1419 1225; x_wconf 90' lang='lat' dir='ltr'>quam</span> <span class='ocrx_word' id='word_1_100' title='bbox 1451 1170 1584 1211; x_wconf 88' lang='lat' dir='ltr'>verba</span> <span class='ocrx_word' id='word_1_101' title='bbox 1626 1185 1705 1212; x_wconf 90' lang='lat' dir='ltr'>nec</span> <span class='ocrx_word' id='word_1_102' title='bbox 1738 1184 1913 1226; x_wconf 89' lang='lat' dir='ltr'>possum</span> <span class='ocrx_word' id='word_1_103' title='bbox 1945 1170 2059 1212; x_wconf 87' lang='lat' dir='ltr'>facta</span> <span class='ocrx_word' id='word_1_104' title='bbox 2091 1171 2267 1226; x_wconf 81' lang='lat' dir='ltr'>expiare</span> <span class='ocrx_word' id='word_1_105' title='bbox 2300 1185 2390 1212; x_wconf 88' lang='lat' dir='ltr'>ser—</span> 
     </span>
     <span class='ocr_line' id='line_1_17' title="bbox 204 1238 2393 1295; baseline 0.001 -16"><span class='ocrx_word' id='word_1_106' title='bbox 204 1238 419 1280; x_wconf 87' lang='lat' dir='ltr'>monibus.</span> <span class='ocrx_word' id='word_1_107' title='bbox 472 1238 723 1293; x_wconf 84' lang='lat' dir='ltr'>obsequium</span> <span class='ocrx_word' id='word_1_108' title='bbox 767 1240 907 1280; x_wconf 84' lang='lat' dir='ltr'>saltim</span> <span class='ocrx_word' id='word_1_109' title='bbox 953 1238 1187 1294; x_wconf 83' lang='lat' dir='ltr'>epistulare</span> <span class='ocrx_word' id='word_1_110' title='bbox 1227 1238 1423 1294; x_wconf 87' lang='lat' dir='ltr'>dependo</span> <span class='ocrx_word' id='word_1_111' title='bbox 1464 1243 1509 1279; x_wconf 89' lang='grc'>01</span> <span class='ocrx_word' id='word_1_112' title='bbox 1552 1239 1727 1290; x_wconf 88' lang='lat' dir='ltr'>librum,</span> <span class='ocrx_word' id='word_1_113' title='bbox 1776 1253 1903 1294; x_wconf 90' lang='lat' dir='ltr'>quem</span> <span class='ocrx_word' id='word_1_114' title='bbox 1944 1240 2278 1295; x_wconf 79' lang='lat' dir='ltr'>praestiteratis,</span> <span class='ocrx_word' id='word_1_115' title='bbox 2324 1254 2393 1281; x_wconf 91' lang='lat' dir='ltr'>me</span> 
     </span>
     <span class='ocr_line' id='line_1_18' title="bbox 205 1307 2394 1364; baseline 0.001 -17"><span class='ocrx_word' id='word_1_116' title='bbox 205 1307 423 1348; x_wconf 75' lang='lat' dir='ltr'>remisisse</span> <span class='ocrx_word' id='word_1_117' title='bbox 458 1307 652 1361; x_wconf 85' lang='lat' dir='ltr'>significo</span> <span class='ocrx_word' id='word_1_118' title='bbox 686 1308 904 1362; x_wconf 80' lang='lat' dir='ltr'>aliumque</span> <span class='ocrx_word' id='word_1_119' title='bbox 938 1307 1173 1349; x_wconf 82' lang='lat' dir='ltr'>identidem</span> <span class='ocrx_word' id='word_1_120' title='bbox 1203 1312 1406 1359; x_wconf 88' lang='lat' dir='ltr'>vestrum,</span> <span class='ocrx_word' id='word_1_121' title='bbox 1441 1308 1475 1348; x_wconf 88' lang='lat' dir='ltr'>si</span> <span class='ocrx_word' id='word_1_122' title='bbox 1508 1308 1593 1349; x_wconf 87' lang='lat' dir='ltr'>iam</span> <span class='ocrx_word' id='word_1_123' title='bbox 1626 1309 1899 1350; x_wconf 89' lang='lat' dir='ltr'>necessarius</span> <span class='ocrx_word' id='word_1_124' title='bbox 1931 1322 2018 1348; x_wconf 92' lang='lat' dir='ltr'>non</span> <span class='ocrx_word' id='word_1_125' title='bbox 2049 1312 2126 1360; x_wconf 88' lang='lat' dir='ltr'>est,</span> <span class='ocrx_word' id='word_1_126' title='bbox 2161 1323 2286 1364; x_wconf 90' lang='lat' dir='ltr'>spero</span> <span class='ocrx_word' id='word_1_127' title='bbox 2317 1323 2394 1364; x_wconf 90' lang='lat' dir='ltr'>per</span> 
     </span>
     <span class='ocr_line' id='line_1_19' title="bbox 202 1376 2393 1432; baseline 0.002 -18"><span class='ocrx_word' id='word_1_128' title='bbox 202 1377 448 1431; x_wconf 79' lang='lat' dir='ltr'>portitorem</span> <span class='ocrx_word' id='word_1_129' title='bbox 473 1376 623 1416; x_wconf 78' lang='lat' dir='ltr'>harum</span> <span class='ocrx_word' id='word_1_130' title='bbox 648 1377 821 1418; x_wconf 86' lang='lat' dir='ltr'>remitti.</span> <span class='ocrx_word' id='word_1_131' title='bbox 873 1377 1053 1417; x_wconf 84' lang='lat' dir='ltr'>valeatis</span> <span class='ocrx_word' id='word_1_132' title='bbox 1077 1377 1306 1432; x_wconf 88' lang='lat' dir='ltr'>simulque,</span> <span class='ocrx_word' id='word_1_133' title='bbox 1341 1377 1375 1418; x_wconf 90' lang='lat' dir='ltr'>si</span> <span class='ocrx_word' id='word_1_134' title='bbox 1398 1378 1584 1432; x_wconf 90' lang='lat' dir='ltr'>propitio</span> <span class='ocrx_word' id='word_1_135' title='bbox 1608 1377 1688 1418; x_wconf 86' lang='lat' dir='ltr'>deo</span> <span class='ocrx_word' id='word_1_136' title='bbox 1711 1377 1765 1418; x_wconf 84' lang='lat' dir='ltr'>ad</span> <span class='ocrx_word' id='word_1_137' title='bbox 1789 1377 2122 1419; x_wconf 80' lang='lat' dir='ltr'>sollemnitatem</span> <span class='ocrx_word' id='word_1_138' title='bbox 2147 1381 2393 1418; x_wconf 88' lang='lat' dir='ltr'>sanctorum</span> 
     </span>
     <span class='ocr_line' id='line_1_20' title="bbox 206 1444 1562 1488; baseline 0.001 -3"><span class='ocrx_word' id='word_1_139' title='bbox 206 1444 408 1486; x_wconf 84' lang='lat' dir='ltr'>Gurdone</span> <span class='ocrx_word' id='word_1_140' title='bbox 443 1446 610 1486; x_wconf 78' lang='lat' dir='ltr'>venturi</span> <span class='ocrx_word' id='word_1_141' title='bbox 645 1446 749 1488; x_wconf 84' lang='lat' dir='ltr'>sitis.</span> <span class='ocrx_word' id='word_1_142' title='bbox 781 1460 848 1487; x_wconf 89' lang='lat' dir='ltr'>me</span> <span class='ocrx_word' id='word_1_143' title='bbox 881 1445 1202 1487; x_wconf 84' lang='lat' dir='ltr'>recurrentibus</span> <span class='ocrx_word' id='word_1_144' title='bbox 1235 1447 1344 1487; x_wconf 88' lang='lat' dir='ltr'>scire</span> <span class='ocrx_word' id='word_1_145' title='bbox 1378 1447 1562 1488; x_wconf 86' lang='lat' dir='ltr'>faciatis.</span> 
     </span>
    </p>
   </div>
   <div class='ocr_carea' id='block_1_9' title="bbox 1236 1676 1359 1719">
    <p class='ocr_par' dir='ltr' id='par_1_9' title="bbox 1236 1676 1359 1719">
     <span class='ocr_line' id='line_1_21' title="bbox 1236 1676 1359 1719; baseline 0.016 -2"><span class='ocrx_word' id='word_1_146' title='bbox 1236 1676 1359 1719; x_wconf 90' lang='lat' dir='ltr'><strong>VIII.</strong></span> 
     </span>
    </p>
   </div>
   <div class='ocr_carea' id='block_1_10' title="bbox 299 1777 2306 1890">
    <p class='ocr_par' dir='ltr' id='par_1_10' title="bbox 299 1777 2306 1890">
     <span class='ocr_line' id='line_1_22' title="bbox 299 1777 2306 1829; baseline -0 -10"><span class='ocrx_word' id='word_1_147' title='bbox 299 1778 533 1820; x_wconf 73' lang='lat' dir='ltr'>DoMINo</span> <span class='ocrx_word' id='word_1_148' title='bbox 568 1778 680 1819; x_wconf 74' lang='lat' dir='ltr'>SUO</span> <span class='ocrx_word' id='word_1_149' title='bbox 713 1777 1039 1818; x_wconf 74' lang='lat' dir='ltr'><strong>PECULIARI</strong></span> <span class='ocrx_word' id='word_1_150' title='bbox 1072 1777 1134 1818; x_wconf 89' lang='lat' dir='ltr'>IN</span> <span class='ocrx_word' id='word_1_151' title='bbox 1169 1777 1443 1829; x_wconf 81' lang='lat' dir='ltr'>CHRISTO,</span> <span class='ocrx_word' id='word_1_152' title='bbox 1476 1778 1711 1820; x_wconf 85' lang='lat' dir='ltr'><strong>DOMINO</strong></span> <span class='ocrx_word' id='word_1_153' title='bbox 1744 1778 2026 1819; x_wconf 81' lang='lat' dir='ltr'><strong>PATRONO</strong></span> <span class='ocrx_word' id='word_1_154' title='bbox 2063 1778 2306 1819; x_wconf 83' lang='lat' dir='ltr'><strong>SIDONIO</strong></span> 
     </span>
     <span class='ocr_line' id='line_1_23' title="bbox 995 1846 1616 1890; baseline 0.003 -3"><span class='ocrx_word' id='word_1_155' title='bbox 995 1846 1285 1888; x_wconf 82' lang='lat' dir='ltr'><strong>EPISCOPO</strong></span> <span class='ocrx_word' id='word_1_156' title='bbox 1318 1846 1616 1890; x_wconf 79' lang='lat' dir='ltr'>RURICIUS.</span> 
     </span>
    </p>
   </div>
   <div class='ocr_carea' id='block_1_11' title="bbox 208 1929 2399 3174">
    <p class='ocr_par' dir='ltr' id='par_1_11' title="bbox 208 1929 2399 3174">
     <span class='ocr_line' id='line_1_24' title="bbox 347 1929 2398 2001; baseline 0 -15"><span class='ocrx_word' id='word_1_157' title='bbox 347 1929 704 1987; x_wconf 68' lang='lat' dir='ltr'>PRAEDich&#39;rissrs</span> <span class='ocrx_word' id='word_1_158' title='bbox 737 1945 883 1996; x_wconf 81' lang='lat' dir='ltr'>vobis,</span> <span class='ocrx_word' id='word_1_159' title='bbox 917 1946 1091 2001; x_wconf 86' lang='lat' dir='ltr'>saepius</span> <span class='ocrx_word' id='word_1_160' title='bbox 1125 1945 1297 1987; x_wconf 82' lang='lat' dir='ltr'>audisse</span> <span class='ocrx_word' id='word_1_161' title='bbox 1329 1959 1396 1987; x_wconf 88' lang='lat' dir='ltr'>me</span> <span class='ocrx_word' id='word_1_162' title='bbox 1428 1947 1590 1998; x_wconf 91' lang='lat' dir='ltr'>recolo,</span> <span class='ocrx_word' id='word_1_163' title='bbox 1622 1946 1867 1987; x_wconf 86' lang='lat' dir='ltr'>nullatenus</span> <span class='ocrx_word' id='word_1_164' title='bbox 1899 1946 1952 1987; x_wconf 92' lang='lat' dir='ltr'>ab</span> <span class='ocrx_word' id='word_1_165' title='bbox 1986 1945 2287 2000; x_wconf 89' lang='lat' dir='ltr'>iniquitatibus</span> <span class='ocrx_word' id='word_1_166' title='bbox 2321 1959 2398 1986; x_wconf 86' lang='lat' dir='ltr'>nos</span> 
     </span>
     <span class='ocr_line' id='line_1_25' title="bbox 208 2013 2398 2070; baseline 0.001 -18"><span class='ocrx_word' id='word_1_167' title='bbox 208 2028 334 2069; x_wconf 84' lang='lat' dir='ltr'>posse</span> <span class='ocrx_word' id='word_1_168' title='bbox 367 2015 563 2070; x_wconf 86' lang='lat' dir='ltr'>purgari.</span> <span class='ocrx_word' id='word_1_169' title='bbox 601 2015 683 2055; x_wconf 92' lang='lat' dir='ltr'>nisi</span> <span class='ocrx_word' id='word_1_170' title='bbox 714 2014 922 2055; x_wconf 87' lang='lat' dir='ltr'>fuerimus</span> <span class='ocrx_word' id='word_1_171' title='bbox 956 2015 1135 2056; x_wconf 89' lang='lat' dir='ltr'>crimina</span> <span class='ocrx_word' id='word_1_172' title='bbox 1165 2020 1330 2067; x_wconf 86' lang='lat' dir='ltr'>nostra,</span> <span class='ocrx_word' id='word_1_173' title='bbox 1364 2015 1631 2057; x_wconf 88' lang='lat' dir='ltr'>conscientia</span> <span class='ocrx_word' id='word_1_174' title='bbox 1664 2018 2004 2070; x_wconf 83' lang='lat' dir='ltr'>compungente,</span> <span class='ocrx_word' id='word_1_175' title='bbox 2045 2013 2242 2055; x_wconf 87' lang='lat' dir='ltr'>confessi.</span> <span class='ocrx_word' id='word_1_176' title='bbox 2305 2014 2398 2069; x_wconf 92' lang='lat' dir='ltr'>quis</span> 
     </span>
     <span class='ocr_line' id='line_1_26' title="bbox 209 2083 2398 2139; baseline -0 -15"><span class='ocrx_word' id='word_1_177' title='bbox 209 2084 342 2125; x_wconf 79' lang='lat' dir='ltr'>enim.</span> <span class='ocrx_word' id='word_1_178' title='bbox 384 2098 468 2124; x_wconf 90' lang='lat' dir='ltr'>non</span> <span class='ocrx_word' id='word_1_179' title='bbox 508 2083 646 2124; x_wconf 88' lang='lat' dir='ltr'>dicam</span> <span class='ocrx_word' id='word_1_180' title='bbox 686 2084 910 2138; x_wconf 77' lang='lat' dir='ltr'>consequi,</span> <span class='ocrx_word' id='word_1_181' title='bbox 962 2083 1037 2125; x_wconf 88' lang='lat' dir='ltr'>sed</span> <span class='ocrx_word' id='word_1_182' title='bbox 1079 2084 1147 2124; x_wconf 91' lang='lat' dir='ltr'>vel</span> <span class='ocrx_word' id='word_1_183' title='bbox 1190 2098 1398 2139; x_wconf 82' lang='lat' dir='ltr'>quaerere</span> <span class='ocrx_word' id='word_1_184' title='bbox 1440 2088 1569 2139; x_wconf 83' lang='lat' dir='ltr'>queat</span> <span class='ocrx_word' id='word_1_185' title='bbox 1608 2084 1942 2139; x_wconf 82' lang='lat' dir='ltr'>indulgentiam,</span> <span class='ocrx_word' id='word_1_186' title='bbox 1988 2083 2069 2124; x_wconf 92' lang='lat' dir='ltr'>nisi</span> <span class='ocrx_word' id='word_1_187' title='bbox 2111 2083 2398 2138; x_wconf 86' lang='lat' dir='ltr'>deplorationi</span> 
     </span>
     <span class='ocr_line' id='line_1_27' title="bbox 209 2151 2399 2208; baseline -0 -15"><span class='ocrx_word' id='word_1_188' title='bbox 209 2152 521 2193; x_wconf 81' lang='lat' dir='ltr'>confessionem</span> <span class='ocrx_word' id='word_1_189' title='bbox 573 2153 728 2193; x_wconf 88' lang='lat' dir='ltr'>erroris</span> <span class='ocrx_word' id='word_1_190' title='bbox 784 2152 1008 2207; x_wconf 86' lang='lat' dir='ltr'>adiungat,</span> <span class='ocrx_word' id='word_1_191' title='bbox 1064 2153 1163 2208; x_wconf 88' lang='lat' dir='ltr'>quia</span> <span class='ocrx_word' id='word_1_192' title='bbox 1212 2167 1331 2194; x_wconf 90' lang='lat' dir='ltr'>error</span> <span class='ocrx_word' id='word_1_193' title='bbox 1381 2153 1713 2208; x_wconf 84' lang='lat' dir='ltr'>indulgentiam,</span> <span class='ocrx_word' id='word_1_194' title='bbox 1770 2167 1856 2194; x_wconf 90' lang='lat' dir='ltr'>non</span> <span class='ocrx_word' id='word_1_195' title='bbox 1902 2152 2169 2208; x_wconf 85' lang='lat' dir='ltr'>indulgentia</span> <span class='ocrx_word' id='word_1_196' title='bbox 2221 2151 2399 2207; x_wconf 84' lang='lat' dir='ltr'>requirit</span> 
     </span>
     <span class='ocr_line' id='line_1_28' title="bbox 209 2220 2399 2277; baseline 0 -16"><span class='ocrx_word' id='word_1_197' title='bbox 209 2226 424 2262; x_wconf 73' lang='lat' dir='ltr'>errorem?</span> <span class='ocrx_word' id='word_1_198' title='bbox 487 2221 600 2276; x_wconf 90' lang='lat' dir='ltr'>quod</span> <span class='ocrx_word' id='word_1_199' title='bbox 642 2236 720 2275; x_wconf 91' lang='lat' dir='ltr'>ego</span> <span class='ocrx_word' id='word_1_200' title='bbox 759 2221 885 2262; x_wconf 81' lang='lat' dir='ltr'>valde</span> <span class='ocrx_word' id='word_1_201' title='bbox 928 2236 1077 2263; x_wconf 78' lang='lat' dir='ltr'>verum</span> <span class='ocrx_word' id='word_1_202' title='bbox 1117 2236 1213 2263; x_wconf 90' lang='lat' dir='ltr'>esse</span> <span class='ocrx_word' id='word_1_203' title='bbox 1258 2236 1548 2277; x_wconf 84' lang='lat' dir='ltr'>cognoscens,</span> <span class='ocrx_word' id='word_1_204' title='bbox 1592 2222 1759 2263; x_wconf 89' lang='lat' dir='ltr'>facinus</span> <span class='ocrx_word' id='word_1_205' title='bbox 1801 2236 1945 2263; x_wconf 90' lang='lat' dir='ltr'>meum</span> <span class='ocrx_word' id='word_1_206' title='bbox 1982 2236 2120 2277; x_wconf 89' lang='lat' dir='ltr'>nuper</span> <span class='ocrx_word' id='word_1_207' title='bbox 2161 2220 2399 2262; x_wconf 83' lang='lat' dir='ltr'>admissum</span> 
     </span>
     <span class='ocr_line' id='line_1_29' title="bbox 210 2290 2397 2347; baseline 0 -17"><span class='ocrx_word' id='word_1_208' title='bbox 210 2290 360 2346; x_wconf 88' lang='lat' dir='ltr'>pietati</span> <span class='ocrx_word' id='word_1_209' title='bbox 391 2300 562 2332; x_wconf 71' lang='lat' dir='ltr'>vestrae</span> <span class='ocrx_word' id='word_1_210' title='bbox 596 2290 784 2331; x_wconf 88' lang='lat' dir='ltr'>indicare</span> <span class='ocrx_word' id='word_1_211' title='bbox 817 2305 901 2331; x_wconf 90' lang='lat' dir='ltr'>non</span> <span class='ocrx_word' id='word_1_212' title='bbox 932 2290 1103 2341; x_wconf 86' lang='lat' dir='ltr'>distuli,</span> <span class='ocrx_word' id='word_1_213' title='bbox 1146 2304 1200 2331; x_wconf 88' lang='lat' dir='ltr'>ne</span> <span class='ocrx_word' id='word_1_214' title='bbox 1240 2291 1353 2346; x_wconf 91' lang='lat' dir='ltr'>quod</span> <span class='ocrx_word' id='word_1_215' title='bbox 1390 2291 1517 2332; x_wconf 87' lang='lat' dir='ltr'>modo</span> <span class='ocrx_word' id='word_1_216' title='bbox 1557 2290 1766 2347; x_wconf 86' lang='lat' dir='ltr'>prodente</span> <span class='ocrx_word' id='word_1_217' title='bbox 1805 2305 1872 2332; x_wconf 87' lang='lat' dir='ltr'>me</span> <span class='ocrx_word' id='word_1_218' title='bbox 1918 2295 2087 2346; x_wconf 88' lang='lat' dir='ltr'>spectat</span> <span class='ocrx_word' id='word_1_219' title='bbox 2127 2290 2182 2332; x_wconf 89' lang='lat' dir='ltr'>ad</span> <span class='ocrx_word' id='word_1_220' title='bbox 2212 2290 2397 2342; x_wconf 88' lang='lat' dir='ltr'>veniam,</span> 
     </span>
     <span class='ocr_line' id='line_1_30' title="bbox 209 2358 2396 2416; baseline 0.001 -17"><span class='ocrx_word' id='word_1_221' title='bbox 209 2365 379 2400; x_wconf 82' lang='lat' dir='ltr'>tacente</span> <span class='ocrx_word' id='word_1_222' title='bbox 411 2360 681 2416; x_wconf 89' lang='lat' dir='ltr'>postmodum</span> <span class='ocrx_word' id='word_1_223' title='bbox 713 2360 949 2416; x_wconf 86' lang='lat' dir='ltr'>pertineret</span> <span class='ocrx_word' id='word_1_224' title='bbox 980 2359 1032 2400; x_wconf 87' lang='lat' dir='ltr'>ad</span> <span class='ocrx_word' id='word_1_225' title='bbox 1065 2360 1247 2415; x_wconf 87' lang='lat' dir='ltr'>culpam.</span> <span class='ocrx_word' id='word_1_226' title='bbox 1302 2359 1378 2400; x_wconf 90' lang='lat' dir='ltr'>sed</span> <span class='ocrx_word' id='word_1_227' title='bbox 1410 2360 1495 2400; x_wconf 88' lang='lat' dir='ltr'>iam</span> <span class='ocrx_word' id='word_1_228' title='bbox 1518 2360 1660 2415; x_wconf 88' lang='lat' dir='ltr'>ipsum</span> <span class='ocrx_word' id='word_1_229' title='bbox 1683 2360 1828 2400; x_wconf 91' lang='lat' dir='ltr'>dolum</span> <span class='ocrx_word' id='word_1_230' title='bbox 1850 2360 2105 2415; x_wconf 86' lang='lat' dir='ltr'>proferimus</span> <span class='ocrx_word' id='word_1_231' title='bbox 2130 2360 2173 2400; x_wconf 93' lang='lat' dir='ltr'>in</span> <span class='ocrx_word' id='word_1_232' title='bbox 2194 2358 2396 2401; x_wconf 87' lang='lat' dir='ltr'>medium.</span> 
     </span>
     <span class='ocr_line' id='line_1_31' title="bbox 210 2428 2396 2484; baseline -0 -15"><span class='ocrx_word' id='word_1_233' title='bbox 210 2429 309 2469; x_wconf 84' lang='lat' dir='ltr'>furti</span> <span class='ocrx_word' id='word_1_234' title='bbox 331 2443 399 2469; x_wconf 88' lang='lat' dir='ltr'>me</span> <span class='ocrx_word' id='word_1_235' title='bbox 424 2429 546 2469; x_wconf 74' lang='lat' dir='ltr'>vobis</span> <span class='ocrx_word' id='word_1_236' title='bbox 578 2444 699 2471; x_wconf 90' lang='lat' dir='ltr'>reum</span> <span class='ocrx_word' id='word_1_237' title='bbox 733 2435 873 2470; x_wconf 88' lang='lat' dir='ltr'>statuo</span> <span class='ocrx_word' id='word_1_238' title='bbox 907 2434 949 2470; x_wconf 92' lang='lat' dir='ltr'>et</span> <span class='ocrx_word' id='word_1_239' title='bbox 982 2429 1225 2484; x_wconf 89' lang='lat' dir='ltr'>depositum</span> <span class='ocrx_word' id='word_1_240' title='bbox 1248 2434 1441 2470; x_wconf 87' lang='lat' dir='ltr'>vestrum</span> <span class='ocrx_word' id='word_1_241' title='bbox 1473 2444 1554 2481; x_wconf 92' lang='lat' dir='ltr'>me,</span> <span class='ocrx_word' id='word_1_242' title='bbox 1587 2430 1884 2484; x_wconf 86' lang='lat' dir='ltr'>ignorantibus</span> <span class='ocrx_word' id='word_1_243' title='bbox 1907 2429 2046 2481; x_wconf 87' lang='lat' dir='ltr'>vobis,</span> <span class='ocrx_word' id='word_1_244' title='bbox 2079 2428 2240 2469; x_wconf 90' lang='lat' dir='ltr'>inlicite</span> <span class='ocrx_word' id='word_1_245' title='bbox 2272 2441 2396 2483; x_wconf 88' lang='lat' dir='ltr'>prae-</span> 
     </span>
     <span class='ocr_line' id='line_1_32' title="bbox 211 2495 2397 2553; baseline -0.001 -15"><span class='ocrx_word' id='word_1_246' title='bbox 211 2498 447 2553; x_wconf 81' lang='lat' dir='ltr'>sumpsisse</span> <span class='ocrx_word' id='word_1_247' title='bbox 480 2499 722 2553; x_wconf 86' lang='lat' dir='ltr'>pronuntio.</span> <span class='ocrx_word' id='word_1_248' title='bbox 785 2498 895 2552; x_wconf 88' lang='lat' dir='ltr'>quod</span> <span class='ocrx_word' id='word_1_249' title='bbox 927 2503 973 2538; x_wconf 91' lang='lat' dir='ltr'>ut</span> <span class='ocrx_word' id='word_1_250' title='bbox 1010 2504 1155 2539; x_wconf 88' lang='lat' dir='ltr'>tamen</span> <span class='ocrx_word' id='word_1_251' title='bbox 1194 2499 1525 2550; x_wconf 88' lang='lat' dir='ltr'>committerem,</span> <span class='ocrx_word' id='word_1_252' title='bbox 1568 2498 1840 2539; x_wconf 88' lang='lat' dir='ltr'>occasionem</span> <span class='ocrx_word' id='word_1_253' title='bbox 1879 2497 2155 2553; x_wconf 87' lang='lat' dir='ltr'>perpetrandi</span> <span class='ocrx_word' id='word_1_254' title='bbox 2194 2495 2397 2538; x_wconf 85' lang='lat' dir='ltr'>facinoris</span> 
     </span>
     <span class='ocr_line' id='line_1_33' title="bbox 213 2565 2396 2623; baseline 0 -18"><span class='ocrx_word' id='word_1_255' title='bbox 213 2581 286 2607; x_wconf 75' lang='lat' dir='ltr'>vos</span> <span class='ocrx_word' id='word_1_256' title='bbox 320 2565 511 2607; x_wconf 85' lang='lat' dir='ltr'>dedistis.</span> <span class='ocrx_word' id='word_1_257' title='bbox 544 2571 617 2606; x_wconf 89' lang='lat' dir='ltr'>aut</span> <span class='ocrx_word' id='word_1_258' title='bbox 647 2572 910 2621; x_wconf 85' lang='lat' dir='ltr'>temptantes</span> <span class='ocrx_word' id='word_1_259' title='bbox 936 2567 1137 2623; x_wconf 89' lang='lat' dir='ltr'>cupidum</span> <span class='ocrx_word' id='word_1_260' title='bbox 1159 2572 1232 2608; x_wconf 93' lang='lat' dir='ltr'>aut</span> <span class='ocrx_word' id='word_1_261' title='bbox 1255 2567 1471 2609; x_wconf 90' lang='lat' dir='ltr'>indoctum</span> <span class='ocrx_word' id='word_1_262' title='bbox 1495 2567 1664 2609; x_wconf 91' lang='lat' dir='ltr'>erudire</span> <span class='ocrx_word' id='word_1_263' title='bbox 1689 2568 1928 2623; x_wconf 90' lang='lat' dir='ltr'>cupientes.</span> <span class='ocrx_word' id='word_1_264' title='bbox 1979 2567 2168 2609; x_wconf 90' lang='lat' dir='ltr'>codicem</span> <span class='ocrx_word' id='word_1_265' title='bbox 2198 2579 2396 2620; x_wconf 87' lang='lat' dir='ltr'>namque,</span> 
     </span>
     <span class='ocr_line' id='line_1_34' title="bbox 211 2634 2397 2691; baseline -0 -16"><span class='ocrx_word' id='word_1_266' title='bbox 211 2650 337 2690; x_wconf 87' lang='lat' dir='ltr'>quem</span> <span class='ocrx_word' id='word_1_267' title='bbox 369 2635 421 2676; x_wconf 88' lang='grc'>(10</span> <span class='ocrx_word' id='word_1_268' title='bbox 456 2635 584 2676; x_wconf 86' lang='lat' dir='ltr'>fratrc</span> <span class='ocrx_word' id='word_1_269' title='bbox 617 2649 713 2676; x_wconf 88' lang='lat' dir='ltr'>meo</span> <span class='ocrx_word' id='word_1_270' title='bbox 745 2636 925 2676; x_wconf 87' lang='lat' dir='ltr'>Leontio</span> <span class='ocrx_word' id='word_1_271' title='bbox 958 2649 1024 2676; x_wconf 94' lang='lat' dir='ltr'>me</span> <span class='ocrx_word' id='word_1_272' title='bbox 1065 2637 1260 2691; x_wconf 90' lang='lat' dir='ltr'>recipere</span> <span class='ocrx_word' id='word_1_273' title='bbox 1299 2636 1541 2688; x_wconf 85' lang='lat' dir='ltr'>iusseratis,</span> <span class='ocrx_word' id='word_1_274' title='bbox 1584 2637 1856 2677; x_wconf 86' lang='lat' dir='ltr'>transtulisse</span> <span class='ocrx_word' id='word_1_275' title='bbox 1895 2650 1962 2676; x_wconf 90' lang='lat' dir='ltr'>me</span> <span class='ocrx_word' id='word_1_276' title='bbox 1999 2635 2153 2677; x_wconf 90' lang='lat' dir='ltr'>fateor.</span> <span class='ocrx_word' id='word_1_277' title='bbox 2215 2634 2329 2690; x_wconf 92' lang='lat' dir='ltr'>quod</span> <span class='ocrx_word' id='word_1_278' title='bbox 2362 2634 2397 2674; x_wconf 90' lang='lat' dir='ltr'>si</span> 
     </span>
     <span class='ocr_line' id='line_1_35' title="bbox 211 2704 2396 2761; baseline 0 -17"><span class='ocrx_word' id='word_1_279' title='bbox 211 2704 423 2758; x_wconf 84' lang='lat' dir='ltr'>probatis.</span> <span class='ocrx_word' id='word_1_280' title='bbox 466 2704 696 2758; x_wconf 84' lang='lat' dir='ltr'>ignoscite:</span> <span class='ocrx_word' id='word_1_281' title='bbox 744 2705 775 2745; x_wconf 86' lang='lat' dir='ltr'>si</span> <span class='ocrx_word' id='word_1_282' title='bbox 817 2705 1056 2760; x_wconf 83' lang='lat' dir='ltr'>imputatis,</span> <span class='ocrx_word' id='word_1_283' title='bbox 1097 2705 1338 2760; x_wconf 86' lang='lat' dir='ltr'>agnoscite,</span> <span class='ocrx_word' id='word_1_284' title='bbox 1379 2706 1480 2760; x_wconf 88' lang='lat' dir='ltr'>quia</span> <span class='ocrx_word' id='word_1_285' title='bbox 1518 2705 1778 2746; x_wconf 83' lang='lat' dir='ltr'>confessioni</span> <span class='ocrx_word' id='word_1_286' title='bbox 1810 2705 2003 2761; x_wconf 86' lang='lat' dir='ltr'>querella</span> <span class='ocrx_word' id='word_1_287' title='bbox 2035 2705 2236 2747; x_wconf 88' lang='lat' dir='ltr'>sociatur.</span> <span class='ocrx_word' id='word_1_288' title='bbox 2295 2717 2396 2744; x_wconf 86' lang='lat' dir='ltr'>nam</span> 
     </span>
     <span class='ocr_line' id='line_1_36' title="bbox 211 2773 2397 2829; baseline 0 -17"><span class='ocrx_word' id='word_1_289' title='bbox 211 2773 392 2827; x_wconf 89' lang='lat' dir='ltr'>primum</span> <span class='ocrx_word' id='word_1_290' title='bbox 426 2780 471 2813; x_wconf 91' lang='lat' dir='ltr'>ut</span> <span class='ocrx_word' id='word_1_291' title='bbox 503 2787 600 2813; x_wconf 91' lang='lat' dir='ltr'>cum</span> <span class='ocrx_word' id='word_1_292' title='bbox 634 2773 824 2828; x_wconf 89' lang='lat' dir='ltr'>legerem</span> <span class='ocrx_word' id='word_1_293' title='bbox 857 2774 1059 2814; x_wconf 83' lang='lat' dir='ltr'>voluntas</span> <span class='ocrx_word' id='word_1_294' title='bbox 1093 2773 1281 2829; x_wconf 85' lang='lat' dir='ltr'>impulit:</span> <span class='ocrx_word' id='word_1_295' title='bbox 1325 2773 1478 2814; x_wconf 87' lang='lat' dir='ltr'>deinde</span> <span class='ocrx_word' id='word_1_296' title='bbox 1511 2774 1582 2815; x_wconf 93' lang='lat' dir='ltr'>ille</span> <span class='ocrx_word' id='word_1_297' title='bbox 1614 2778 1661 2815; x_wconf 93' lang='lat' dir='ltr'>ut</span> <span class='ocrx_word' id='word_1_298' title='bbox 1692 2774 1998 2815; x_wconf 84' lang='lat' dir='ltr'>transferretur</span> <span class='ocrx_word' id='word_1_299' title='bbox 2041 2773 2238 2815; x_wconf 80' lang='lat' dir='ltr'>extorsit.</span> <span class='ocrx_word' id='word_1_300' title='bbox 2298 2786 2397 2813; x_wconf 88' lang='lat' dir='ltr'>nam</span> 
     </span>
     <span class='ocr_line' id='line_1_37' title="bbox 212 2841 2395 2899; baseline 0 -18"><span class='ocrx_word' id='word_1_301' title='bbox 212 2855 306 2881; x_wconf 85' lang='lat' dir='ltr'>cum</span> <span class='ocrx_word' id='word_1_302' title='bbox 341 2841 392 2882; x_wconf 91' lang='lat' dir='ltr'>de</span> <span class='ocrx_word' id='word_1_303' title='bbox 425 2841 609 2896; x_wconf 84' lang='lat' dir='ltr'>dapibus</span> <span class='ocrx_word' id='word_1_304' title='bbox 643 2843 778 2897; x_wconf 88' lang='lat' dir='ltr'>ipsius</span> <span class='ocrx_word' id='word_1_305' title='bbox 811 2843 950 2884; x_wconf 84' lang='lat' dir='ltr'>adhuc</span> <span class='ocrx_word' id='word_1_306' title='bbox 983 2857 1120 2898; x_wconf 89' lang='lat' dir='ltr'>pauca</span> <span class='ocrx_word' id='word_1_307' title='bbox 1151 2843 1369 2892; x_wconf 87' lang='lat' dir='ltr'>libassem,</span> <span class='ocrx_word' id='word_1_308' title='bbox 1410 2844 1554 2884; x_wconf 88' lang='lat' dir='ltr'>taliter</span> <span class='ocrx_word' id='word_1_309' title='bbox 1586 2858 1653 2885; x_wconf 92' lang='lat' dir='ltr'>me</span> <span class='ocrx_word' id='word_1_310' title='bbox 1686 2848 1815 2899; x_wconf 89' lang='lat' dir='ltr'>gustu</span> <span class='ocrx_word' id='word_1_311' title='bbox 1847 2843 2101 2885; x_wconf 89' lang='lat' dir='ltr'>inlecebrosi</span> <span class='ocrx_word' id='word_1_312' title='bbox 2134 2843 2299 2898; x_wconf 87' lang='lat' dir='ltr'>saporis</span> <span class='ocrx_word' id='word_1_313' title='bbox 2331 2843 2395 2883; x_wconf 93' lang='lat' dir='ltr'>in-</span> 
     </span>
     <span class='ocr_line' id='line_1_38' title="bbox 211 2911 2398 2968; baseline 0 -18"><span class='ocrx_word' id='word_1_314' title='bbox 211 2911 330 2951; x_wconf 81' lang='lat' dir='ltr'>lexit.</span> <span class='ocrx_word' id='word_1_315' title='bbox 364 2916 409 2951; x_wconf 91' lang='lat' dir='ltr'>ut</span> <span class='ocrx_word' id='word_1_316' title='bbox 432 2912 555 2966; x_wconf 90' lang='lat' dir='ltr'>primi</span> <span class='ocrx_word' id='word_1_317' title='bbox 579 2912 763 2966; x_wconf 85' lang='lat' dir='ltr'>quodam</span> <span class='ocrx_word' id='word_1_318' title='bbox 785 2912 910 2953; x_wconf 90' lang='lat' dir='ltr'>modo</span> <span class='ocrx_word' id='word_1_319' title='bbox 935 2913 1123 2968; x_wconf 85' lang='lat' dir='ltr'>parentis</span> <span class='ocrx_word' id='word_1_320' title='bbox 1152 2912 1355 2963; x_wconf 86' lang='lat' dir='ltr'>imitator,</span> <span class='ocrx_word' id='word_1_321' title='bbox 1380 2913 1550 2953; x_wconf 88' lang='lat' dir='ltr'>domino</span> <span class='ocrx_word' id='word_1_322' title='bbox 1575 2918 1756 2968; x_wconf 86' lang='lat' dir='ltr'>repente</span> <span class='ocrx_word' id='word_1_323' title='bbox 1782 2916 2043 2967; x_wconf 89' lang='lat' dir='ltr'>contempto,</span> <span class='ocrx_word' id='word_1_324' title='bbox 2077 2911 2131 2953; x_wconf 90' lang='lat' dir='ltr'>ad</span> <span class='ocrx_word' id='word_1_325' title='bbox 2154 2911 2398 2952; x_wconf 88' lang='lat' dir='ltr'>satietatem</span> 
     </span>
     <span class='ocr_line' id='line_1_39' title="bbox 212 2979 2394 3037; baseline 0 -18"><span class='ocrx_word' id='word_1_326' title='bbox 212 2979 447 3020; x_wconf 73' lang='lat' dir='ltr'>studuerim</span> <span class='ocrx_word' id='word_1_327' title='bbox 479 2981 705 3034; x_wconf 81' lang='lat' dir='ltr'>pervenire</span> <span class='ocrx_word' id='word_1_328' title='bbox 739 2982 959 3037; x_wconf 81' lang='lat' dir='ltr'>magisque</span> <span class='ocrx_word' id='word_1_329' title='bbox 994 2981 1217 3022; x_wconf 87' lang='lat' dir='ltr'>consilium</span> <span class='ocrx_word' id='word_1_330' title='bbox 1245 2981 1465 3023; x_wconf 87' lang='lat' dir='ltr'>suadentis</span> <span class='ocrx_word' id='word_1_331' title='bbox 1490 2996 1616 3036; x_wconf 90' lang='lat' dir='ltr'>quam</span> <span class='ocrx_word' id='word_1_332' title='bbox 1639 2982 1865 3037; x_wconf 90' lang='lat' dir='ltr'>imperium</span> <span class='ocrx_word' id='word_1_333' title='bbox 1889 2981 2149 3022; x_wconf 87' lang='lat' dir='ltr'>dominantis</span> <span class='ocrx_word' id='word_1_334' title='bbox 2173 2979 2394 3020; x_wconf 88' lang='lat' dir='ltr'>audierim.</span> 
     </span>
     <span class='ocr_line' id='line_1_40' title="bbox 212 3047 2397 3106; baseline 0 -18"><span class='ocrx_word' id='word_1_335' title='bbox 212 3062 308 3088; x_wconf 86' lang='lat' dir='ltr'>nam</span> <span class='ocrx_word' id='word_1_336' title='bbox 342 3058 387 3088; x_wconf 87' lang='lat' dir='ltr'>ut</span> <span class='ocrx_word' id='word_1_337' title='bbox 419 3048 561 3089; x_wconf 82' lang='lat' dir='ltr'>omnia</span> <span class='ocrx_word' id='word_1_338' title='bbox 593 3050 780 3103; x_wconf 81' lang='lat' dir='ltr'>pectoris</span> <span class='ocrx_word' id='word_1_339' title='bbox 814 3051 897 3090; x_wconf 91' lang='lat' dir='ltr'>mei</span> <span class='ocrx_word' id='word_1_340' title='bbox 929 3064 1086 3091; x_wconf 82' lang='lat' dir='ltr'>arcana</span> <span class='ocrx_word' id='word_1_341' title='bbox 1117 3051 1405 3097; x_wconf 68' lang='lat' dir='ltr'>manifestem,</span> <span class='ocrx_word' id='word_1_342' title='bbox 1438 3049 1614 3091; x_wconf 84' lang='lat' dir='ltr'>videbar</span> <span class='ocrx_word' id='word_1_343' title='bbox 1645 3051 1750 3091; x_wconf 92' lang='lat' dir='ltr'>mihi</span> <span class='ocrx_word' id='word_1_344' title='bbox 1782 3051 1880 3092; x_wconf 91' lang='lat' dir='ltr'>libri</span> <span class='ocrx_word' id='word_1_345' title='bbox 1912 3051 2045 3106; x_wconf 89' lang='lat' dir='ltr'>ipsius</span> <span class='ocrx_word' id='word_1_346' title='bbox 2073 3049 2208 3090; x_wconf 86' lang='lat' dir='ltr'>verba</span> <span class='ocrx_word' id='word_1_347' title='bbox 2242 3047 2397 3089; x_wconf 89' lang='lat' dir='ltr'>adhor-</span> 
     </span>
     <span class='ocr_line' id='line_1_41' title="bbox 217 3116 2397 3174; baseline 0 -18"><span class='ocrx_word' id='word_1_348' title='bbox 217 3118 345 3157; x_wconf 79' lang='lat' dir='ltr'>tantis</span> <span class='ocrx_word' id='word_1_349' title='bbox 386 3117 552 3157; x_wconf 74' lang='lat' dir='ltr'>auslire:</span> <span class='ocrx_word' id='word_1_350' title='bbox 597 3118 695 3172; x_wconf 82' lang='lat' dir='ltr'>qnid</span> <span class='ocrx_word' id='word_1_351' title='bbox 737 3134 902 3164; x_wconf 71' lang='lat' dir='ltr'>cessas,</span> <span class='ocrx_word' id='word_1_352' title='bbox 946 3120 1132 3173; x_wconf 86' lang='lat' dir='ltr'>ingrate,</span> <span class='ocrx_word' id='word_1_353' title='bbox 1176 3119 1275 3174; x_wconf 88' lang='lat' dir='ltr'>quid</span> <span class='ocrx_word' id='word_1_354' title='bbox 1315 3119 1512 3160; x_wconf 69' lang='lat' dir='ltr'>dubitas?</span> <span class='ocrx_word' id='word_1_355' title='bbox 1576 3120 1690 3159; x_wconf 90' lang='lat' dir='ltr'>nosti</span> <span class='ocrx_word' id='word_1_356' title='bbox 1734 3134 1838 3174; x_wconf 86' lang='lat' dir='ltr'>erga</span> <span class='ocrx_word' id='word_1_357' title='bbox 1879 3124 1920 3160; x_wconf 89' lang='lat' dir='ltr'>te</span> <span class='ocrx_word' id='word_1_358' title='bbox 1960 3118 2197 3160; x_wconf 86' lang='lat' dir='ltr'>communis</span> <span class='ocrx_word' id='word_1_359' title='bbox 2236 3116 2397 3158; x_wconf 90' lang='lat' dir='ltr'>domini</span> 
     </span>
    </p>
   </div>
   <div class='ocr_carea' id='block_1_12' title="bbox 348 3289 729 3329">
    <p class='ocr_par' dir='ltr' id='par_1_12' title="bbox 348 3289 729 3329">
     <span class='ocr_line' id='line_1_42' title="bbox 348 3289 729 3329; baseline 0.003 -7"><span class='ocrx_word' id='word_1_360' title='bbox 348 3294 369 3322; x_wconf 66' lang='grc' dir='ltr'>ὅ</span> <span class='ocrx_word' id='word_1_361' title='bbox 395 3289 526 3322; x_wconf 64' lang='lat' dir='ltr'>Matth.</span> <span class='ocrx_word' id='word_1_362' title='bbox 555 3289 648 3329; x_wconf 78' lang='lat' dir='ltr'>XXl,</span> <span class='ocrx_word' id='word_1_363' title='bbox 681 3291 729 3323; x_wconf 69' lang='lat' dir='ltr'>lto.</span> 
     </span>
    </p>
   </div>
   <div class='ocr_carea' id='block_1_13' title="bbox 213 3388 2401 3780">
    <p class='ocr_par' dir='ltr' id='par_1_13' title="bbox 213 3388 2401 3780">
     <span class='ocr_line' id='line_1_43' title="bbox 349 3388 2400 3437; baseline 0 -12"><span class='ocrx_word' id='word_1_364' title='bbox 349 3393 368 3425; x_wconf 74' lang='grc'>4</span> <span class='ocrx_word' id='word_1_365' title='bbox 403 3392 470 3435; x_wconf 76' lang='lat' dir='ltr'>pia]</span> <span class='ocrx_word' id='word_1_366' title='bbox 498 3393 601 3436; x_wconf 56' lang='lat' dir='ltr'>piA‘as</span> <span class='ocrx_word' id='word_1_367' title='bbox 629 3392 661 3422; x_wconf 68' lang='grc' dir='ltr'>(τ’</span> <span class='ocrx_word' id='word_1_368' title='bbox 824 3395 844 3425; x_wconf 70' lang='grc' dir='ltr'>ι’)</span> <span class='ocrx_word' id='word_1_369' title='bbox 877 3396 1032 3427; x_wconf 75' lang='lat' dir='ltr'>affectum</span> <span class='ocrx_word' id='word_1_370' title='bbox 1062 3395 1093 3427; x_wconf 95' lang='lat' dir='ltr'><em>G</em></span> <span class='ocrx_word' id='word_1_371' title='bbox 1256 3395 1274 3426; x_wconf 75' lang='lat'>7</span> <span class='ocrx_word' id='word_1_372' title='bbox 1301 3407 1367 3437; x_wconf 88' lang='lat' dir='ltr'>que</span> <span class='ocrx_word' id='word_1_373' title='bbox 1398 3396 1557 3428; x_wconf 81' lang='lat' dir='ltr'>entibus</span> <span class='ocrx_word' id='word_1_374' title='bbox 1585 3394 1650 3436; x_wconf 78' lang='lat' dir='ltr'>G&#39;,</span> <span class='ocrx_word' id='word_1_375' title='bbox 1682 3407 1748 3437; x_wconf 87' lang='lat' dir='ltr'>que</span> <span class='ocrx_word' id='word_1_376' title='bbox 1773 3395 1925 3427; x_wconf 85' lang='lat' dir='ltr'>sentibus</span> <span class='ocrx_word' id='word_1_377' title='bbox 1953 3393 2007 3426; x_wconf 69' lang='lat'>(7¹²</span> <span class='ocrx_word' id='word_1_378' title='bbox 2169 3394 2190 3425; x_wconf 80' lang='grc'><strong>9</strong></span> <span class='ocrx_word' id='word_1_379' title='bbox 2215 3394 2340 3425; x_wconf 84' lang='lat' dir='ltr'>deferte</span> <span class='ocrx_word' id='word_1_380' title='bbox 2367 3388 2400 3423; x_wconf 77' lang='lat' dir='ltr'><em>G</em></span> 
     </span>
     <span class='ocr_line' id='line_1_44' title="bbox 216 3449 2399 3494; baseline -0.001 -12"><span class='ocrx_word' id='word_1_381' title='bbox 216 3452 257 3482; x_wconf 71' lang='lat'>1⁴»</span> <span class='ocrx_word' id='word_1_382' title='bbox 281 3449 464 3491; x_wconf 66' lang='lat' dir='ltr'>doctrinae]</span> <span class='ocrx_word' id='word_1_383' title='bbox 491 3451 510 3481; x_wconf 86' lang='lat' dir='ltr'>d</span> <span class='ocrx_word' id='word_1_384' title='bbox 536 3451 569 3481; x_wconf 75' lang='grc' dir='ltr'>ἱη</span> <span class='ocrx_word' id='word_1_385' title='bbox 596 3463 663 3482; x_wconf 64' lang='lat' dir='ltr'>ras.</span> <span class='ocrx_word' id='word_1_386' title='bbox 693 3450 725 3481; x_wconf 87' lang='lat' dir='ltr'><em>G</em></span> <span class='ocrx_word' id='word_1_387' title='bbox 843 3452 1006 3493; x_wconf 81' lang='lat' dir='ltr'>pingnine</span> <span class='ocrx_word' id='word_1_388' title='bbox 1034 3450 1066 3484; x_wconf 80' lang='lat' dir='ltr'><em>G</em></span> <span class='ocrx_word' id='word_1_389' title='bbox 1189 3450 1346 3494; x_wconf 76' lang='lat' dir='ltr'>stercore]</span> <span class='ocrx_word' id='word_1_390' title='bbox 1373 3453 1503 3494; x_wconf 65' lang='lat' dir='ltr'>scripsi,</span> <span class='ocrx_word' id='word_1_391' title='bbox 1533 3458 1619 3484; x_wconf 86' lang='lat' dir='ltr'>stere</span> <span class='ocrx_word' id='word_1_392' title='bbox 1647 3450 1690 3492; x_wconf 80' lang='lat' dir='ltr'>G,</span> <span class='ocrx_word' id='word_1_393' title='bbox 1722 3458 1829 3484; x_wconf 82' lang='lat' dir='ltr'>terrae</span> <span class='ocrx_word' id='word_1_394' title='bbox 1857 3452 2011 3483; x_wconf 68' lang='lat' dir='ltr'>(Janc&#39;slns</span> <span class='ocrx_word' id='word_1_395' title='bbox 2183 3450 2224 3482; x_wconf 68' lang='lat'>153</span> <span class='ocrx_word' id='word_1_396' title='bbox 2248 3454 2399 3482; x_wconf 87' lang='lat' dir='ltr'>uestrum</span> 
     </span>
     <span class='ocr_line' id='line_1_45' title="bbox 213 3506 2400 3550; baseline 0 -11"><span class='ocrx_word' id='word_1_397' title='bbox 213 3509 239 3539; x_wconf 69' lang='lat' dir='ltr'>si</span> <span class='ocrx_word' id='word_1_398' title='bbox 267 3507 343 3549; x_wconf 64' lang='lat' dir='ltr'>inin}</span> <span class='ocrx_word' id='word_1_399' title='bbox 364 3509 493 3549; x_wconf 67' lang='lat' dir='ltr'>scripsi,</span> <span class='ocrx_word' id='word_1_400' title='bbox 520 3515 668 3540; x_wconf 84' lang='lat' dir='ltr'>uestrum</span> <span class='ocrx_word' id='word_1_401' title='bbox 697 3508 791 3539; x_wconf 80' lang='lat' dir='ltr'>silam</span> <span class='ocrx_word' id='word_1_402' title='bbox 810 3507 853 3547; x_wconf 77' lang='lat' dir='ltr'>G,</span> <span class='ocrx_word' id='word_1_403' title='bbox 880 3510 998 3541; x_wconf 81' lang='lat' dir='ltr'>uestris</span> <span class='ocrx_word' id='word_1_404' title='bbox 1024 3510 1142 3541; x_wconf 83' lang='lat' dir='ltr'>usibus</span> <span class='ocrx_word' id='word_1_405' title='bbox 1169 3522 1260 3542; x_wconf 79' lang='lat' dir='ltr'>nunc</span> <span class='ocrx_word' id='word_1_406' title='bbox 1281 3510 1435 3541; x_wconf 55' lang='lat' dir='ltr'>Canas-iu.»-</span> <span class='ocrx_word' id='word_1_407' title='bbox 1567 3508 1608 3541; x_wconf 65' lang='lat'>14</span> <span class='ocrx_word' id='word_1_408' title='bbox 1632 3507 1936 3550; x_wconf 60' lang='lat' dir='ltr'>ualeatisl&#39;scristsae&#39;,</span> <span class='ocrx_word' id='word_1_409' title='bbox 1960 3509 2103 3541; x_wconf 68' lang='lat' dir='ltr'>iubentis</span> <span class='ocrx_word' id='word_1_410' title='bbox 2120 3506 2152 3540; x_wconf 82' lang='lat' dir='ltr'><em>G</em></span> <span class='ocrx_word' id='word_1_411' title='bbox 2281 3506 2323 3539; x_wconf 76' lang='lat'>&#39;15</span> <span class='ocrx_word' id='word_1_412' title='bbox 2348 3518 2400 3538; x_wconf 83' lang='lat' dir='ltr'>me</span> 
     </span>
     <span class='ocr_line' id='line_1_46' title="bbox 213 3561 2397 3610; baseline -0 -14"><span class='ocrx_word' id='word_1_413' title='bbox 213 3564 479 3607; x_wconf 65' lang='lat' dir='ltr'>recurrentibus]</span> <span class='ocrx_word' id='word_1_414' title='bbox 506 3566 577 3597; x_wconf 70' lang='lat' dir='ltr'>item</span> <span class='ocrx_word' id='word_1_415' title='bbox 599 3566 695 3607; x_wconf 58' lang='lat' dir='ltr'>infra.</span> <span class='ocrx_word' id='word_1_416' title='bbox 715 3564 768 3605; x_wconf 89' lang='lat' dir='ltr'>II,</span> <span class='ocrx_word' id='word_1_417' title='bbox 787 3570 827 3597; x_wconf 72' lang='lat'>-14</span> <span class='ocrx_word' id='word_1_418' title='bbox 963 3566 1002 3597; x_wconf 70' lang='lat' dir='ltr'>1ss</span> <span class='ocrx_word' id='word_1_419' title='bbox 1029 3566 1121 3610; x_wconf 65' lang='lat' dir='ltr'>vlu]</span> <span class='ocrx_word' id='word_1_420' title='bbox 1150 3567 1288 3599; x_wconf 70' lang='lat' dir='ltr'>Ruricio</span> <span class='ocrx_word' id='word_1_421' title='bbox 1308 3567 1470 3599; x_wconf 70' lang='lat' dir='ltr'>Sidonius</span> <span class='ocrx_word' id='word_1_422' title='bbox 1487 3578 1535 3608; x_wconf 71' lang='lat' dir='ltr'>cp.</span> <span class='ocrx_word' id='word_1_423' title='bbox 1552 3567 1572 3597; x_wconf 92' lang='lat' dir='ltr'><strong>I</strong></span> <span class='ocrx_word' id='word_1_424' title='bbox 1586 3567 1618 3607; x_wconf 81' lang='lat' dir='ltr'>V,</span> <span class='ocrx_word' id='word_1_425' title='bbox 1636 3570 1685 3606; x_wconf 77' lang='lat'>16,</span> <span class='ocrx_word' id='word_1_426' title='bbox 1709 3578 1816 3608; x_wconf 69' lang='lat' dir='ltr'>supra</span> <span class='ocrx_word' id='word_1_427' title='bbox 1827 3578 1864 3608; x_wconf 78' lang='lat' dir='ltr'>p.</span> <span class='ocrx_word' id='word_1_428' title='bbox 1882 3569 1924 3597; x_wconf 77' lang='lat'>(57</span> <span class='ocrx_word' id='word_1_429' title='bbox 1939 3566 2112 3608; x_wconf 69' lang='lat' dir='ltr'>respondit</span> <span class='ocrx_word' id='word_1_430' title='bbox 2240 3563 2286 3596; x_wconf 73' lang='grc'>21)</span> <span class='ocrx_word' id='word_1_431' title='bbox 2310 3561 2397 3606; x_wconf 85' lang='lat' dir='ltr'>quis]</span> 
     </span>
     <span class='ocr_line' id='line_1_47' title="bbox 213 3620 2401 3666; baseline -0.001 -13"><span class='ocrx_word' id='word_1_432' title='bbox 213 3623 342 3663; x_wconf 47' lang='lat' dir='ltr'>scripsi.</span> <span class='ocrx_word' id='word_1_433' title='bbox 366 3623 500 3664; x_wconf 80' lang='lat' dir='ltr'>quiquis</span> <span class='ocrx_word' id='word_1_434' title='bbox 528 3620 559 3654; x_wconf 82' lang='lat' dir='ltr'><em>G</em></span> <span class='ocrx_word' id='word_1_435' title='bbox 714 3623 757 3653; x_wconf 73' lang='lat'>22</span> <span class='ocrx_word' id='word_1_436' title='bbox 783 3622 1004 3665; x_wconf 61' lang='lat' dir='ltr'>indulgentia}</span> <span class='ocrx_word' id='word_1_437' title='bbox 1032 3624 1277 3666; x_wconf 82' lang='lat' dir='ltr'>indulgentiam</span> <span class='ocrx_word' id='word_1_438' title='bbox 1305 3622 1337 3655; x_wconf 89' lang='lat' dir='ltr'><em>G</em></span> <span class='ocrx_word' id='word_1_439' title='bbox 1497 3622 1542 3655; x_wconf 78' lang='grc'>23</span> <span class='ocrx_word' id='word_1_440' title='bbox 1567 3634 1678 3655; x_wconf 86' lang='lat' dir='ltr'>rerum</span> <span class='ocrx_word' id='word_1_441' title='bbox 1706 3621 1738 3655; x_wconf 85' lang='lat' dir='ltr'><em>G</em></span> <span class='ocrx_word' id='word_1_442' title='bbox 1887 3622 1931 3654; x_wconf 61' lang='lat'>‘24</span> <span class='ocrx_word' id='word_1_443' title='bbox 1956 3624 2116 3665; x_wconf 84' lang='lat' dir='ltr'>prodente</span> <span class='ocrx_word' id='word_1_444' title='bbox 2141 3620 2205 3663; x_wconf 84' lang='lat' dir='ltr'>me]</span> <span class='ocrx_word' id='word_1_445' title='bbox 2235 3620 2401 3659; x_wconf 74' lang='lat' dir='ltr'>Canislus,</span> 
     </span>
     <span class='ocr_line' id='line_1_48' title="bbox 213 3674 2401 3723; baseline 0 -14"><span class='ocrx_word' id='word_1_446' title='bbox 213 3680 376 3721; x_wconf 64' lang='lat' dir='ltr'>prudente}</span> <span class='ocrx_word' id='word_1_447' title='bbox 399 3678 431 3707; x_wconf 68' lang='grc' dir='ltr'>(τ’</span> <span class='ocrx_word' id='word_1_448' title='bbox 570 3679 613 3712; x_wconf 70' lang='lat'>‘28</span> <span class='ocrx_word' id='word_1_449' title='bbox 639 3692 732 3719; x_wconf 67' lang='lat' dir='ltr'>uos,</span> <span class='ocrx_word' id='word_1_450' title='bbox 758 3691 826 3711; x_wconf 74' lang='lat' dir='ltr'>ras.</span> <span class='ocrx_word' id='word_1_451' title='bbox 853 3692 867 3710; x_wconf 88' lang='lat' dir='ltr'>s</span> <span class='ocrx_word' id='word_1_452' title='bbox 889 3678 919 3711; x_wconf 86' lang='lat' dir='ltr'><em>G</em></span> <span class='ocrx_word' id='word_1_453' title='bbox 1014 3682 1183 3713; x_wconf 70' lang='lat' dir='ltr'>deslicistis</span> <span class='ocrx_word' id='word_1_454' title='bbox 1203 3679 1236 3713; x_wconf 82' lang='lat' dir='ltr'><em>G</em></span> <span class='ocrx_word' id='word_1_455' title='bbox 1327 3679 1399 3723; x_wconf 76' lang='lat' dir='ltr'>aut]</span> <span class='ocrx_word' id='word_1_456' title='bbox 1427 3686 1440 3712; x_wconf 93' lang='lat' dir='ltr'>t</span> <span class='ocrx_word' id='word_1_457' title='bbox 1465 3692 1489 3711; x_wconf 65' lang='grc' dir='ltr'>ε.</span> <span class='ocrx_word' id='word_1_458' title='bbox 1510 3681 1531 3712; x_wconf 82' lang='grc' dir='ltr'>ἰ.</span> <span class='ocrx_word' id='word_1_459' title='bbox 1552 3678 1606 3711; x_wconf 78' lang='lat' dir='ltr'>G²</span> <span class='ocrx_word' id='word_1_460' title='bbox 1700 3686 1759 3712; x_wconf 79' lang='lat' dir='ltr'>aut</span> <span class='ocrx_word' id='word_1_461' title='bbox 1783 3681 1957 3712; x_wconf 81' lang='lat' dir='ltr'>inductum</span> <span class='ocrx_word' id='word_1_462' title='bbox 1979 3677 2011 3711; x_wconf 83' lang='lat' dir='ltr'><em>G</em></span> <span class='ocrx_word' id='word_1_463' title='bbox 2148 3677 2192 3710; x_wconf 71' lang='lat'>29</span> <span class='ocrx_word' id='word_1_464' title='bbox 2218 3678 2347 3710; x_wconf 80' lang='grc'><strong>10011010</strong></span> <span class='ocrx_word' id='word_1_465' title='bbox 2367 3674 2401 3709; x_wconf 81' lang='lat' dir='ltr'><em>G</em></span> 
     </span>
     <span class='ocr_line' id='line_1_49' title="bbox 213 3732 2399 3780; baseline 0 -13"><span class='ocrx_word' id='word_1_466' title='bbox 213 3734 257 3767; x_wconf 66' lang='lat'>:33</span> <span class='ocrx_word' id='word_1_467' title='bbox 283 3737 430 3768; x_wconf 77' lang='lat' dir='ltr'>imitatur</span> <span class='ocrx_word' id='word_1_468' title='bbox 450 3734 501 3768; x_wconf 80' lang='lat' dir='ltr'>G¹</span> <span class='ocrx_word' id='word_1_469' title='bbox 632 3736 675 3768; x_wconf 70' lang='lat'>54</span> <span class='ocrx_word' id='word_1_470' title='bbox 700 3738 878 3769; x_wconf 73' lang='lat' dir='ltr'>suadentes</span> <span class='ocrx_word' id='word_1_471' title='bbox 899 3736 952 3769; x_wconf 83' lang='lat' dir='ltr'>G¹</span> <span class='ocrx_word' id='word_1_472' title='bbox 1077 3737 1121 3769; x_wconf 61' lang='lat'>52³7)</span> <span class='ocrx_word' id='word_1_473' title='bbox 1145 3739 1243 3770; x_wconf 85' lang='lat' dir='ltr'>istius</span> <span class='ocrx_word' id='word_1_474' title='bbox 1268 3750 1356 3771; x_wconf 71' lang='lat' dir='ltr'>corr.</span> <span class='ocrx_word' id='word_1_475' title='bbox 1381 3738 1486 3780; x_wconf 82' lang='lat' dir='ltr'>ipsius</span> <span class='ocrx_word' id='word_1_476' title='bbox 1507 3735 1561 3769; x_wconf 62' lang='grc' dir='ltr'>(π11</span> <span class='ocrx_word' id='word_1_477' title='bbox 1687 3737 1730 3769; x_wconf 74' lang='grc'>313</span> <span class='ocrx_word' id='word_1_478' title='bbox 1756 3738 1905 3780; x_wconf 78' lang='lat' dir='ltr'>ingratae</span> <span class='ocrx_word' id='word_1_479' title='bbox 1925 3736 1958 3769; x_wconf 84' lang='lat' dir='ltr'><em>G</em></span> <span class='ocrx_word' id='word_1_480' title='bbox 2037 3734 2181 3777; x_wconf 77' lang='lat' dir='ltr'>dubitas]</span> <span class='ocrx_word' id='word_1_481' title='bbox 2208 3737 2228 3768; x_wconf 89' lang='lat' dir='ltr'>b</span> <span class='ocrx_word' id='word_1_482' title='bbox 2252 3748 2275 3767; x_wconf 68' lang='lat' dir='ltr'>s.</span> <span class='ocrx_word' id='word_1_483' title='bbox 2301 3736 2322 3767; x_wconf 79' lang='lat' dir='ltr'>l.</span> <span class='ocrx_word' id='word_1_484' title='bbox 2344 3732 2399 3767; x_wconf 77' lang='lat' dir='ltr'>G²</span> 
     </span>
    </p>
   </div>
   <div class='ocr_carea' id='block_1_14' title="bbox 2430 1112 2462 1136">
    <p class='ocr_par' dir='ltr' id='par_1_14' title="bbox 2430 1112 2462 1136">
     <span class='ocr_line' id='line_1_50' title="bbox 2430 1112 2462 1136; baseline 0 0"><span class='ocrx_word' id='word_1_485' title='bbox 2430 1112 2462 1136; x_wconf 89' lang='grc'>10</span> 
     </span>
    </p>
   </div>
   <div class='ocr_carea' id='block_1_15' title="bbox 2433 1455 2464 1479">
    <p class='ocr_par' dir='ltr' id='par_1_15' title="bbox 2433 1455 2464 1479">
     <span class='ocr_line' id='line_1_51' title="bbox 2433 1455 2464 1479; baseline 0 0"><span class='ocrx_word' id='word_1_486' title='bbox 2433 1455 2464 1479; x_wconf 83' lang='lat'>15</span> 
     </span>
    </p>
   </div>
   <div class='ocr_carea' id='block_1_16' title="bbox 2435 2023 2468 2048">
    <p class='ocr_par' dir='ltr' id='par_1_16' title="bbox 2435 2023 2468 2048">
     <span class='ocr_line' id='line_1_52' title="bbox 2435 2023 2468 2048; baseline 0 0"><span class='ocrx_word' id='word_1_487' title='bbox 2435 2023 2468 2048; x_wconf 72' lang='lat'>20</span> 
     </span>
    </p>
   </div>
   <div class='ocr_carea' id='block_1_17' title="bbox 2435 2365 2466 2390">
    <p class='ocr_par' dir='ltr' id='par_1_17' title="bbox 2435 2365 2466 2390">
     <span class='ocr_line' id='line_1_53' title="bbox 2435 2365 2466 2390; baseline 0 0"><span class='ocrx_word' id='word_1_488' title='bbox 2435 2365 2466 2390; x_wconf 81' lang='lat'>25</span> 
     </span>
    </p>
   </div>
   <div class='ocr_carea' id='block_1_18' title="bbox 2434 2712 2467 2736">
    <p class='ocr_par' dir='ltr' id='par_1_18' title="bbox 2434 2712 2467 2736">
     <span class='ocr_line' id='line_1_54' title="bbox 2434 2712 2467 2736; baseline -0.03 0"><span class='ocrx_word' id='word_1_489' title='bbox 2434 2712 2467 2736; x_wconf 88' lang='grc'>30</span> 
     </span>
    </p>
   </div>
   <div class='ocr_carea' id='block_1_19' title="bbox 2435 3056 2467 3080">
    <p class='ocr_par' dir='ltr' id='par_1_19' title="bbox 2435 3056 2467 3080">
     <span class='ocr_line' id='line_1_55' title="bbox 2435 3056 2467 3080; baseline -0.031 0"><span class='ocrx_word' id='word_1_490' title='bbox 2435 3056 2467 3080; x_wconf 80' lang='grc'>35</span> 
     </span>
    </p>
   </div>
  </div>
 </body>
</html>
