2583 4011
87 951 109 988 Ιό

87 2429 110 2466 {Q

89 2947 112 3056 10——

160 185 241 224 346
982 177 1166 212 Rumon
1191 169 1533 212 EPISTULARUM

156 300 389 350 propterea
431 309 613 335 necesse
659 307 743 333 non
784 293 865 334 fuit
907 292 1062 333 litteris
1103 292 1296 333 indicari.
1356 295 1549 333 vestrum
1592 295 1659 332 est
1699 290 1916 331 hominem
1955 304 2100 331 verum
2142 291 2256 332 iuste
2296 291 2350 332 ab

156 364 282 404 huius
325 363 563 404 calumniae
605 362 846 403 obiectione
887 361 1142 411 defendere,
1192 375 1319 415 quam
1362 374 1460 401 eum
1502 360 1659 400 iniuste
1701 358 1872 413 scriptis
1915 359 2072 399 nostris
2119 359 2351 414 agnoscitis

159 431 386 473 sustinere.

1204 540 1303 582 LII.

533 643 820 686 RURICIUS
853 643 1179 685 EPISCOPUS
1215 642 1487 684 STEFANO
1523 641 1636 683 SUO
1671 641 1964 683 SALUTEM.

296 722 381 783 Im
413 756 480 783 me
514 741 787 796 paucissimis
821 740 974 781 diebus
1008 739 1062 781 ad
1095 740 1257 780 cultum
1288 752 1413 779 suum
1446 738 1587 793 pietas
1619 741 1790 779 vestrae
1825 737 2069 779 sanctitatis
2097 738 2261 790 inlexit,
2294 741 2353 791 ut,

155 825 250 851 cum
283 824 359 851 vos
392 809 473 851 deo
507 809 694 865 propitio
728 807 856 849 corde
889 807 1110 849 detineam
1142 812 1183 848 et
1215 807 1348 848 oeulis
1380 807 1536 847 mentis
1570 806 1754 856 intuear,
1792 809 1938 847 tamen
1971 820 2157 861 semper,
2197 807 2355 848 affectu

153 880 400 934 instigante.
433 879 696 934 perquiram:
729 878 829 932 quia
853 877 1018 918 scilicet
1040 881 1086 918 ut
1109 877 1241 918 breve
1263 875 1433 916 videtur
1455 888 1580 916 omne
1604 874 1717 930 quod
1739 874 1867 916 dulce
1892 878 1972 926 est,
2007 874 2068 915 ita
2090 875 2354 930 inexplebile

155 957 220 989 cst
253 961 378 988 omne
412 947 524 1001 quod
559 961 686 988 carne
719 951 797 988 est.
852 951 895 987 et
926 946 1214 1002 omnipotenti
1245 945 1327 986 deo
1361 945 1523 999 gratias
1557 958 1686 998 super
1717 947 1805 984 tam
1838 943 2081 984 admirabili
2117 943 2230 984 dono
2264 943 2356 985 eius

154 1017 308 1058 refero.
341 1015 454 1070 quod
476 1017 536 1056 ita
558 1016 819 1070 generaliter
843 1016 976 1056 servis
1011 1016 1099 1056 suis
1135 1014 1325 1055 tribuere
1357 1013 1569 1054 ineffabili
1602 1012 1929 1067 dispensatione
1963 1011 2164 1067 dignatus
2198 1016 2277 1065 est,
2308 1016 2356 1053 ut

154 1085 196 1125 hi
241 1085 312 1139 qui
349 1084 624 1139 disparantur
663 1098 837 1139 corpore
876 1084 1031 1125 animis
1070 1084 1354 1138 iungerentur
1394 1095 1536 1136 neque
1581 1084 1698 1122 esset
1737 1080 1900 1135 aliquid
1947 1084 2035 1121 tam
2070 1081 2357 1135 longinquum

154 1158 327 1207 tamque
353 1152 540 1192 difficile.
574 1151 687 1206 quod
711 1153 922 1194 mentium
946 1152 1169 1193 obtutibus
1192 1165 1276 1192 non
1298 1150 1510 1201 obviaret,
1544 1149 1620 1191 sed
1642 1163 1719 1204 per
1742 1149 1882 1190 cordis
1906 1149 2108 1189 intuitum
2130 1149 2189 1189 ibi
2214 1163 2260 1190 se
2287 1149 2352 1189 in-

154 1220 291 1261 vicem
322 1219 553 1274 diligentes
588 1221 779 1261 caritatis
813 1220 1179 1276 contemplatione
1214 1218 1538 1274 conspicerent,
1570 1218 1645 1259 ubi
1679 1217 1837 1258 caritas
1869 1217 1967 1272 ipsa
2001 1217 2210 1258 consistit.
2273 1231 2356 1272 quo

153 1289 211 1331 fit.
245 1293 290 1328 ut
322 1288 536 1329 devinctio
560 1294 719 1337 vestra,
753 1303 864 1344 quae
887 1290 931 1329 in
955 1289 1196 1330 visceribus
1224 1288 1332 1329 meis
1356 1288 1445 1342 iugi
1467 1286 1777 1339 recordatione,
1811 1285 1912 1326 dum
1935 1285 2088 1326 cotidie
2112 1289 2355 1338 renovatur,

154 1360 349 1411 augetur,
383 1357 540 1398 amoris
569 1357 701 1398 vestri
733 1357 838 1398 mihi
868 1357 1213 1399 vicissitudinem
1245 1356 1518 1411 repromittat
1550 1359 1592 1396 et
1624 1354 1793 1396 animus
1826 1367 1948 1394 meus
1981 1353 2086 1394 mihi
2117 1354 2356 1394 animorum

156 1430 392 1465 vestrorum
426 1425 654 1467 fideiussor
687 1426 882 1474 assistat,
925 1425 1025 1466 dum
1057 1429 1224 1466 tantum
1257 1424 1343 1464 sibi
1374 1423 1505 1465 audet
1537 1423 1590 1464 de
1623 1427 1766 1464 vestra
1798 1422 2028 1463 dilectione
2061 1435 2355 1477 praesumere,

155 1498 360 1547 quantum
400 1495 520 1536 vobis
564 1495 829 1549 concupiscit
867 1493 1130 1549 impendere.
1201 1493 1386 1534 salutem
1427 1492 1574 1547 itaque
1615 1490 1877 1533 beatitudini
1916 1494 2088 1532 vestrae
2126 1490 2356 1545 plurimam

153 1561 248 1602 dico
282 1566 325 1603 et
357 1576 480 1617 rogo,
520 1563 795 1604 incessanter
827 1563 1043 1603 communi
1074 1561 1246 1603 domino
1286 1561 1555 1616 supplicetis,
1598 1563 1646 1600 ut
1678 1559 1916 1601 secundum
1949 1559 2118 1600 divitias
2151 1559 2356 1601 bonitatis

156 1644 258 1671 suae
303 1635 430 1685 atque
463 1631 652 1681 virtutis,
694 1631 761 1672 cui
806 1631 949 1671 onmia
986 1630 1212 1686 possibilia
1251 1629 1520 1682 confitemur,
1565 1628 1647 1669 etsi
1678 1629 1722 1669 in
1750 1628 1830 1669 hoe
1862 1629 2036 1670 saeculo
2070 1642 2148 1669 nos
2183 1632 2358 1684 propter

155 1700 266 1741 vitae
291 1700 413 1740 istius
436 1700 687 1741 turbedines
712 1715 762 1741 ac
785 1699 1003 1755 procellas
1029 1703 1072 1740 et
1102 1698 1328 1752 regionum
1358 1698 1588 1739 intervalla
1620 1697 1793 1752 saepius
1817 1696 1961 1737 videre
1995 1711 2081 1737 non
2112 1710 2356 1752 possumus,

155 1769 221 1808 vel
254 1768 307 1809 ad
337 1769 454 1809 illam
485 1770 659 1819 urbem,
700 1782 831 1823 quae
872 1767 1190 1809 aedificatur
1226 1770 1279 1807 ut
1321 1766 1529 1819 civitas,
1577 1766 1710 1807 faciat
1742 1766 1994 1818 convenire,
2034 1765 2087 1806 ad
2119 1779 2246 1820 quam
2277 1780 2356 1807 nos

159 1837 446 1877 misericordia
480 1837 641 1878 domini
670 1838 829 1892 poterit
860 1837 1067 1892 perferre,
1100 1850 1175 1876 vos
1207 1836 1374 1877 merita.

1198 2018 1320 2060 LIII.

527 2123 813 2165 RURICIUS
847 2122 1175 2164 EPISCOPUS
1208 2121 1466 2164 RUSTICO
1498 2121 1660 2162 FILIO
1695 2120 1989 2162 SALUTEM.

298 2201 463 2262 Exmx
495 2222 699 2263 affectum
739 2221 1163 2263 consuetudinarium
1205 2224 1247 2261 et
1285 2220 1517 2276 probatum
1557 2223 1599 2260 et
1639 2219 1958 2260 humanitatem
2003 2219 2128 2260 nobis
2171 2218 2359 2274 dignaris

155 2289 421 2344 impendere.
454 2289 554 2330 dum
583 2290 734 2331 usibus
759 2291 843 2331 tuis
865 2289 1071 2342 detrahis,
1106 2289 1218 2344 quod
1241 2289 1399 2330 nostris
1431 2288 1632 2343 largiaris
1655 2288 1878 2343 expensis3
1911 2287 2024 2342 quia,
2056 2301 2189 2342 puero
2213 2291 2356 2328 vestro

155 2358 385 2409 referente,
426 2359 620 2413 cognovi,
665 2358 776 2413 quod
808 2359 1062 2414 piscationis
1094 2359 1136 2399 in
1158 2358 1318 2399 Visera
1347 2371 1425 2413 pro
1459 2361 1588 2413 parte
1621 2360 1769 2398 vestra
1801 2356 1924 2397 nobis
1955 2356 2144 2397 iusseras
2176 2356 2356 2398 delicias

155 2428 399 2468 ministrari.
461 2427 593 2478 unde,
633 2427 896 2468 salutatione
929 2427 1141 2482 depensa,
1176 2426 1338 2481 gratias
1372 2440 1453 2480 ago
1488 2426 1713 2481 plurimas,
1747 2439 1935 2466 exorans
1968 2425 2154 2466 divinam
2185 2425 2352 2466 miseri-

156 2495 355 2547 cordiam,
388 2500 435 2537 ut
464 2510 541 2551 pro
571 2496 745 2547 honore,
779 2510 907 2550 quem
928 2496 1053 2536 nobis
1075 2510 1151 2550 pro
1174 2495 1310 2551 ipsius
1332 2495 1485 2536 timore
1509 2493 1767 2549 dependitis,
1801 2498 1843 2534 et
1868 2494 2164 2549 praesentium
2187 2493 2354 2535 dierum

156 2565 275 2604 vobis
310 2564 501 2605 conferat
532 2565 787 2605 felicitatem
820 2569 863 2606 et
893 2564 1207 2606 beatitudinem
1240 2564 1402 2605 tribuat
1430 2564 1685 2606 futurorum.

1196 2747 1312 2790 LIV.

586 2849 872 2890 RI'RICIUS
906 2849 1271 2891 APRUNCULO
1304 2849 1598 2892 EPISCOPO
1633 2849 1926 2892 SALUTEM.

295 2927 430 2988 Sum·
454 2948 618 2988 litteras
647 2947 890 2988 sanctitatis
914 2951 1086 2988 vestrae
1120 2962 1196 3002 per
1220 2947 1358 2987 virum
1378 2946 1675 2988 venerabilem
1699 2945 1902 3001 Elogium
1936 2961 2031 2987 cum
2063 2947 2354 3001 gratulatione

160 3017 351 3071 suscepi,
396 3015 454 3056 ita
487 3016 583 3065 has,
628 3015 780 3056 eodem
814 3016 1043 3065 redeunte,
1077 3016 1262 3057 libenter
1294 3015 1432 3057 emisi.
1495 3015 1650 3070 quibus
1683 3016 1951 3070 apostolatui
1984 3019 2126 3057 vestro
2160 3015 2354 3057 debitum

294 3153 335 3186 21
367 3152 420 3185 Ps.
447 3152 572 3192 CXXI,
598 3152 629 3185 3.

297 3234 312 3266 1
331 3235 438 3266 iustae
455 3231 488 3265 G
604 3231 624 3263 2
651 3244 717 3274 qna
734 3244 847 3264 meum
865 3233 1009 3264 iniustae
1025 3230 1057 3263 G
1174 3229 1195 3263 4
1221 3237 1289 3263 tota
1298 3232 1378 3274 fere
1396 3232 1541 3273 epistula
1558 3244 1597 3265 ea·
1614 3233 1692 3265 aliis
1710 3233 1878 3275 eoescripta
1895 3239 1942 3265 est
2058 3232 2078 3265 6
2102 3233 2149 3265 ita
2163 3250 2206 3254 —-
2221 3231 2354 3275 diebus]

157 3292 200 3333 cf.
219 3303 268 3333 ep.
288 3290 341 3330 II,
358 3294 388 3330 9,
412 3301 519 3331 supra
537 3301 574 3331 p.
592 3292 664 3328 317,
689 3290 710 3320 l.
728 3292 773 3321 32
903 3288 924 3319 8
950 3289 1079 3321 scilieet
1104 3287 1154 3330 ut]
1174 3288 1374 3329 Mommsen,
1398 3289 1527 3321 scilicet
1547 3287 1581 3321 G
1713 3287 1733 3321 9
1759 3288 1871 3332 carne]
1894 3288 1937 3330 G,
1961 3302 2076 3323 carum
2093 3290 2177 3322 coni.
2200 3290 2356 3323 canisius

157 3355 190 3380 et
209 3366 249 3369 —
272 3346 311 3379 13
329 3344 494 3388 consistit]
521 3357 560 3378 es,
577 3358 626 3387 ep.
652 3345 701 3385 ΙΙ,
720 3349 759 3377 10
778 3345 938 3377 Ruricius
963 3345 1139 3387 exscripsit
1278 3344 1320 3377 10
1344 3344 1465 3388 refero]
1492 3357 1532 3377 ea:
1549 3357 1598 3387 ep.
1619 3346 1673 3387 II,
1691 3350 1732 3379 10
1750 3348 1913 3389 supplevi,
1938 3359 2001 3380 om.
2022 3345 2055 3380 G
2189 3346 2229 3379 ll
2255 3347 2302 3379 hii
2321 3343 2355 3378 G

165 3406 202 3437 12
228 3402 376 3446 tamque]
404 3416 466 3436 οηι.
488 3400 521 3435 G
614 3401 695 3444 nou,
720 3414 759 3435 ea:
784 3414 834 3444 ep.
855 3401 909 3442 II,
929 3406 970 3433 10
994 3403 1156 3444 supplevi,
1181 3413 1244 3434 om.
1265 3400 1298 3434 G
1392 3403 1538 3435 obuiarit
1559 3400 1592 3435 G
1685 3404 1846 3436 discordis
1867 3401 1900 3435 G
1993 3402 2053 3446 ibi]
2079 3404 2158 3437 inde
2175 3415 2225 3446 ep.
2243 3403 2297 3444 ΙΙ,
2314 3407 2356 3436 10

162 3462 202 3493 13
235 3461 406 3503 diligentis
434 3458 466 3492 G
582 3471 648 3502 quo
675 3478 716 3482 —-
745 3457 786 3490 17
812 3458 1018 3501 impendere]
1053 3471 1092 3491 ex
1122 3460 1267 3501 epistula
1295 3459 1456 3491 Victorini
1479 3471 1533 3491 nr.
1558 3459 1639 3500 VII,
1670 3471 1778 3502 supra
1795 3472 1834 3502 p.
1857 3463 1930 3501 271,
1959 3467 1988 3493 et
2017 3472 2058 3494 εκ
2087 3461 2232 3503 epistula
2256 3460 2311 3501 II,
2335 3463 2356 3493 9

159 3518 319 3549 Ruricius
343 3518 456 3549 hausit
591 3516 632 3549 15
656 3522 837 3559 augeretur
858 3515 889 3548 G
973 3517 1192 3549 uisitudinem
1212 3514 1245 3549 G
1329 3514 1376 3559 et]
1404 3527 1444 3548 ex
1461 3528 1511 3558 ep.
1529 3517 1584 3557 II,
1603 3520 1622 3549 9
1646 3517 1808 3559 supplevi,
1832 3529 1896 3551 om.
1916 3515 1950 3550 G
2084 3516 2125 3550 17
2150 3517 2298 3561 plurimfi
2319 3513 2354 3549 G

162 3574 201 3606 19
226 3576 281 3607 eui
299 3592 340 3597 —
360 3574 403 3606 22
421 3572 550 3615 merita]
578 3585 618 3606 ez
642 3574 787 3616 epistula
806 3573 835 3613 I,
856 3576 897 3605 17
918 3574 1078 3614 repetivit,
1103 3579 1138 3605 al
1154 3574 1325 3605 nonnulla
1342 3573 1477 3605 addidit
1563 3572 1640 3616 etsi]
1667 3585 1774 3616 supra
1792 3574 1824 3616 I,
1841 3578 1891 3616 17,
1916 3580 1954 3608 ut
1970 3575 1998 3608 si
2015 3573 2049 3608 G
2186 3572 2232 3607 '20
2247 3574 2353 3606 turbi-

159 3633 246 3663 (linis
263 3629 295 3663 G
412 3630 456 3663 22
482 3629 612 3671 merita]
639 3631 784 3673 epistula
801 3630 849 3662 ad
866 3630 1083 3663 Praesidium
1101 3632 1196 3673 dala,
1223 3642 1330 3673 supra
1349 3631 1403 3671 II,
1420 3634 1469 3671 12,
1494 3631 1555 3663 Ῐιοο
1573 3632 1645 3664 loco
1666 3632 1807 3674 repetita
1831 3637 1877 3664 est
1896 3630 1929 3664 G
2044 3630 2089 3664 28
2114 3632 2305 3664 ministrare
2320 3628 2354 3663 G

159 3688 202 3719 29
227 3689 455 3730 praesentium
481 3686 623 3729 dierum]
649 3688 780 3730 scripsi,
803 3689 1048 3730 presentierum
1069 3687 1112 3730 G,
1137 3690 1369 3731 praesentium
1394 3689 1477 3720 coni.
1497 3688 1683 3722 Mommsen
1818 3687 1863 3720 30
1887 3688 2093 3728 futurorum]
2119 3688 2195 3721 finit
2219 3688 2300 3721 add.
2320 3684 2355 3719 G

2392 1021 2425 1046 10

2393 1362 2425 1387 15

2394 1706 2427 1730 20

2396 2227 2427 2251 25

2393 2571 2427 2595 30
