2583 4011
95 948 127 970 lu

92 1746 126 1770 ‘20

947 198 1089 232 LIBER
1116 199 1159 234 ll.
1196 199 1240 233 lx
1270 200 1289 241 ξ
1315 201 1336 233 3
1363 220 1402 224 —-
1433 200 1478 234 XI
1508 202 1528 242 ξ
1555 202 1585 234 ἵ).
2282 203 2363 241 319

166 314 299 355 vestri
341 328 509 355 mecum
548 314 783 356 abstulisse
817 313 1054 369 conspicio.
1117 319 1161 356 ct
1192 316 1474 370 omnipotenti
1509 315 1590 355 deo
1625 316 1786 367 gratias
1827 330 1957 371 super
1998 320 2082 356 tam
2129 315 2369 357 admirabili
2415 320 2437 354 Ζ·

167 384 279 424 facto
313 383 406 424 eius
438 384 598 429 refero,
641 384 753 438 (11100
786 384 845 425 1111
877 384 1072 437 generali
1106 384 1295 425 tribuere
1329 383 1654 439 dispensatione
1698 384 1898 435 dignatus
1939 390 2026 426 est.
2069 391 2114 425 ut
2153 386 2263 426 iuter
2295 401 2368 425 eos

166 467 271 508 quos
304 453 496 494 locorum
530 453 759 494 intervalla
793 453 1085 494 discriminant
1117 452 1226 494 liber
1258 468 1307 493 ae
1344 454 1471 494 nullis
1505 455 1735 494 conclusus
1759 454 1983 494 absentiae
2008 454 2177 505 legibus
2201 454 2368 494 animus

167 527 431 563 commearet
464 521 657 576 nihilque
692 527 810 564 essct
844 527 929 563 tam
963 522 1310 578 impenetrabile.
1344 522 1457 578 quod
1492 523 1649 564 mentis
1682 523 1931 578 aspectibus
1964 537 2048 563 11011
2075 528 2257 578 pateret.
2290 524 2366 564 sed

165 605 244 646 per
276 591 417 632 cordis
451 592 652 633 intuitum
686 592 784 633 inde
820 593 1074 634 seinvicem
1103 593 1202 634 cari.
1236 593 1375 646 gratia
1401 593 1730 634 intercurrente.
1765 592 2081 647 conspicerent.
2115 592 2188 632 ubi
2214 593 2369 633 caritas

164 661 259 716 ipsa
305 661 514 704 consistit.
605 666 648 703 et
700 661 797 703 idco
857 662 1042 703 salutem
1095 662 1373 717 plenissimae
1427 677 1530 717 erga
1586 676 1676 713 1110,
1737 666 1943 716 (1111111111111
1999 661 2171 715 propria
2228 666 2370 702 mente

166 730 350 775 conicio.
392 730 544 785 pietati
584 735 755 771 vestrae
799 723 1023 782 deferens,
1070 731 1186 772 omni
1230 746 1407 787 precum
1451 732 1687 772 ambitione
1727 730 1934 785 deposco:
1985 731 2019 770 si
2059 730 2181 771 nobis
2223 745 2369 785 parem

166 800 407 854 repensatis
439 800 658 844 affectum.
692 801 724 840 si
759 801 887 841 simili
922 815 1000 841 nos
1034 802 1212 842 caritate
1246 801 1438 855 diligitis,
1473 802 1506 842 si
1537 800 1698 856 aliquid
1723 801 1763 841 in
1787 799 2027 841 visceribus
2050 800 2205 839 vestris
2228 815 2370 840 amore.

163 872 311 910 noster
343 873 558 924 operatur,
603 870 638 910 si
672 884 809 924 usquc
843 870 895 911 ad
938 870 1150 912 medullas
1195 870 1337 911 cordis
1371 872 1502 912 vestri
1544 870 1720 911 dileetio
1763 874 1912 910 nostra
1953 869 2170 924 pervenit.
2212 869 2244 909 si
2285 874 2368 909 tam

166 952 240 978 vos
274 953 350 993 pro
383 952 451 980 mc
485 953 613 994 quam
647 953 715 980 1110
752 953 828 995 pro
862 939 982 981 vobis
1017 939 1247 981 dulcedine.
1290 940 1518 996 potestatis
1559 939 1773 982 edomuit.
1815 943 1861 979 ut
1901 938 2080 993 imperio
2119 938 2253 993 ipsius
2293 952 2370 979 nc(-

163 1008 336 1063 possitis
369 1009 575 1050 resistere
609 1023 688 1050 nec
722 1009 878 1054 velitis.
917 1009 970 1050 ad
1003 1010 1325 1052 desiderantem
1358 1012 1549 1053 fratrem.
1594 1012 1628 1052 si
1660 1009 1899 1054 desideras,
1934 1007 2189 1062 quantmrius
2226 1008 2371 1048 venire

163 1077 331 1129 festina,
364 1077 576 1119 beneficio
610 1083 651 1118 et
684 1079 941 1133 promissum
967 1080 1186 1121 soluturus
1215 1081 1409 1122 debitum
1435 1086 1477 1122 01
1500 1085 1696 1122 mutuum
1719 1079 1995 1134 mitigaturus
2019 1078 2241 1124 affectiun:
2275 1078 2374 1132 quia

163 1160 306 1188 coram
346 1147 476 1202 positi
514 1148 741 1202 aequalem
778 1149 901 1189 vobis
943 1150 1129 1203 gratiam
1173 1149 1225 1191 dc
1268 1156 1416 1191 nostra
1456 1149 1818 1205 wntemplatione
1852 1153 1895 1189 et
1927 1147 2212 1188 collocutione
2247 1161 2371 1202 prac-

167 1216 377 1257 stabimus
410 1220 686 1272 tantumque,
731 1217 783 1265 si,
817 1223 864 1274 ut
897 1218 1107 1271 diligeris,
1142 1219 1308 1273 diligis.
1342 1235 1366 1260 a
1396 1234 1465 1261 1110
1497 1220 1764 1261 retribuetur
1796 1217 1966 1259 caritati
1998 1221 2121 1267 tuae.
2163 1221 2369 1271 quantum

123 1303 128 1315 ·
168 1290 213 1327 tu
246 1300 369 1327 meac
403 1286 497 1341 ipsc
532 1286 756 1328 detuleris.
818 1302 897 1329 nec
931 1303 1035 1330 sane
1072 1289 1115 1330 in
1147 1289 1362 1330 veniendo
1395 1290 1695 1343 fatigationem
1728 1288 1889 1344 poteris
1913 1286 2158 1333 formidare.
2183 1287 2295 1341 quia.
2328 1292 2373 1326 111
2418 1289 2434 1323 ἴ

163 1355 235 1397 1110
276 1355 404 1405 dixit,
437 1356 563 1396 vicit
605 1356 706 1397 iter
744 1355 929 1397 durum
969 1358 1139 1413 pietas
1184 1363 1228 1399 et
1265 1359 1387 1399 iuxta
1427 1359 1670 1414 apostolum
1711 1361 1905 1399 nostrum
1947 1357 2149 1397 caritas
2190 1356 2373 1396 omnia

164 1425 429 1476 sustinet,
473 1440 584 1480 quac
625 1440 704 1467 nec
750 1427 918 1481 quaerit
951 1441 1062 1482 quac
1097 1441 1176 1468 sua
1207 1432 1306 1468 sunt
1338 1442 1417 1469 nec
1450 1442 1656 1483 umquam
1689 1427 1808 1468 novit
1841 1426 2068 1468 excedere.
2131 1429 2370 1481 opportune

164 1494 294 1535 etiam
326 1494 591 1536 desideranti
623 1495 775 1536 viatori
808 1497 1069 1537 autumnalis
1103 1498 1310 1553 temporis
1344 1498 1546 1552 congruit
1579 1512 1675 1538 cum
1710 1496 1891 1538 caritate
1925 1495 2175 1551 temperies,
2208 1496 2239 1535 si
2275 1509 2370 1535 eam

162 1567 308 1606 tamen
341 1565 602 1620 praeteritae
635 1565 816 1606 aestatis
851 1566 996 1608 fervor
1027 1567 1249 1619 accendat,
1282 1582 1366 1608 11011
1398 1567 1669 1609 advenientis
1703 1566 1857 1608 hiemis
1891 1566 2014 1621 algor
2046 1565 2311 1619 exstinguat.

1231 1740 1310 1784 XI.

774 1844 923 1886 ITEM
954 1843 1254 1886 EPISTULA
1284 1845 1481 1887 DOMNI
1514 1843 1762 1886 RURICII.

300 1924 524 1985 Rasum„-
555 1944 712 1986 litteris
735 1943 859 1995 meis,
892 1944 1079 1985 fortasse
1104 1943 1342 1993 miraberis,
1376 1942 1489 1998 quod
1514 1942 1781 1984 venerationi
1805 1946 1905 1982 tuae
1935 1941 2084 1981 fratri
2110 1939 2370 1995 scripserim.

165 2027 261 2053 cum
295 2013 376 2054 hoc
409 2028 488 2054 1100
521 2015 653 2056 11011111
686 2018 859 2066 nostrae
894 2014 1123 2055 conveniat
1154 2027 1235 2054 nec
1272 2013 1443 2066 honori,
1487 2014 1588 2069 quia
1626 2013 1736 2053 510111
1775 2026 1844 2053 1110
1887 2011 2023 2052 maior
2062 2025 2107 2052 es
2146 2014 2271 2057 natu,
2314 2009 2373 2050 ita

162 2082 302 2124 minor
344 2097 390 2124 es
434 2083 586 2139 gradu.
657 2088 699 2126 et
736 2083 855 2135 ideo,
903 2084 937 2125 si
975 2083 1030 2124 ad
1076 2087 1194 2124 tuam
1236 2082 1317 2125 000
1360 2083 1544 2138 propitio
1585 2082 1924 2137 longaevitatem
1968 2084 2043 2121 aut
2086 2079 2138 2121 ad
2182 2083 2370 2120 nostram

93 2162 125 2184 2³⁵
162 2153 511 2208 respexissemus
544 2153 981 2205 administrationem,
1023 2157 1097 2194 aut
1128 2153 1240 2209 patri
1272 2152 1463 2194 scribere
1496 2151 1786 2194 debueramus
1819 2155 1894 2192 aut
1925 2151 2026 2193 filio.
2089 2149 2164 2191 500
2198 2149 2298 2204 (111111
2330 2153 2373 2189 01

95 2857 127 2881 35

165 2226 341 2263 5111101115
373 2221 593 2264 Iohannes
638 2223 864 2279 apostolus
908 2223 951 2263 in
995 2222 1184 2278 epistula
1223 2235 1301 2263 sua
1338 2222 1436 2263 unis
1481 2221 1730 2276 eisdemque
1763 2224 1807 2262 et
1838 2219 2034 2276 patribus
2070 2224 2113 2261 et
2144 2218 2372 2259 iuvenibus

166 2291 319 2333 scribit
351 2296 394 2334 et
425 2293 592 2348 pueris,
633 2292 800 2334 dicens:
847 2291 1018 2334 scribo
1051 2291 1222 2342 vobis,
1261 2295 1463 2347 patres.
1508 2291 1629 2346 quia
1671 2290 2001 2346 cognovistis
2041 2303 2153 2330 011111
2195 2288 2276 2344 qui
2309 2287 2371 2328 ab

164 2360 315 2402 initio
358 2366 446 2404 est.
508 2362 680 2403 scribo
712 2362 881 2412 vobis,
926 2361 1166 2411 iuvenes,
1210 2361 1342 2416 quia
1381 2361 1587 2402 vicistis
1627 2360 1929 2415 malignum.
1990 2358 2164 2401 scribo
2196 2357 2371 2402 vobis.

163 2431 331 2485 pueri,
367 2431 495 2487 quia
528 2431 866 2487 cognovistis
899 2435 1116 2488 patrem.
1169 2444 1254 2486 qua
1282 2430 1546 2472 discretione
1569 2429 1803 2471 verborum
1825 2444 1911 2470 non
1933 2433 2122 2470 aetatem
2145 2427 2371 2470 exterioris

164 2499 350 2542 hominis
396 2501 474 2544 sed
519 2502 775 2558 qualitatem
814 2501 1034 2544 interioris
1075 2501 1283 2555 assignat.
1351 2500 1395 2541 in
1436 2504 1644 2556 quantum
1687 2499 1801 2541 enim
1840 2499 1883 2540 in
1925 2498 1993 2540 (101
2038 2498 2284 2554 cognitione
2322 2510 2372 2537 ac

165 2568 397 2612 dilectione
438 2571 705 2626 proficimus,
746 2575 895 2627 patres
940 2571 1033 2612 sine
1076 2570 1208 2611 dubio
1251 2583 1566 2624 nuncupamur.
1629 2569 1673 2609 in
1719 2571 1928 2624 quantum
1961 2582 2064 2610 vero
2107 2570 2256 2608 contra
2297 2565 2372 2606 ad-

164 2640 423 2692 versarium,
467 2641 539 2696 qui
577 2645 845 2696 tamquam
885 2641 966 2682 leo
1008 2640 1219 2691 circuit,
1263 2653 1526 2695 quaerens
1567 2652 1712 2694 quem
1754 2637 1992 2689 devoret,
2033 2637 2216 2678 viriliter
2247 2634 2371 2675 dimi-

166 2723 330 2761 camus,
363 2710 545 2752 iuvenes
579 2724 677 2752 esse
710 2710 1024 2766 cognoscimur.
1076 2710 1119 2751 in
1152 2715 1362 2766 quantum
1383 2723 1487 2751 vero
1512 2708 1739 2750 socordiae
1763 2707 2044 2763 desidiaeque
2068 2706 2374 2748 committimur

166 2782 211 2820 et
241 2779 296 2821 ad
327 2780 614 2823 incedendam
646 2781 949 2822 mandatorum
973 2782 1087 2822 viam
1119 2780 1222 2822 fidei
1256 2780 1505 2821 infirmitate
1539 2779 1763 2820 deficimus
1795 2782 1924 2833 atque
1959 2777 2013 2819 ad
2045 2774 2292 2818 contuenda
2323 2789 2373 2815 ac

165 2849 418 2904 peragenda
448 2854 685 2906 praecepta
716 2850 861 2891 divina
892 2865 918 2891 a
950 2851 1241 2892 saecularium
1274 2854 1449 2890 actuum
1482 2849 1724 2891 intentione
1758 2848 1884 2903 quasi
1917 2863 1940 2889 e
1974 2861 2124 2888 somno
2149 2846 2373 2901 segniores

166 2919 456 2973 assurgimus,
499 2920 741 2961 rectissime
782 2934 1016 2976 puerorum
1059 2919 1239 2961 levitate
1284 2933 1526 2961 censemur.
1597 2917 1712 2959 unde
1757 2921 1802 2959 et
1845 2917 2068 2973 apostolus
2108 2916 2272 2957 Paulus
2315 2915 2373 2955 ita

167 2992 414 3030 commonet
444 2990 774 3044 neglegentem:
819 3004 974 3044 surge
1015 2990 1106 3044 qui
1144 2988 1341 3030 dormis
1386 2992 1439 3030 et
1482 3002 1712 3043 exsurge
1745 3002 1770 3028 a
1801 2987 2022 3028 mortuis
2063 2990 2106 3027 et
2147 2985 2371 3039 continges

168 3055 391 3098 Christum
434 3058 524 3099 sive
567 3058 926 3100 inluminabit
967 3061 1019 3100 te
1054 3057 1323 3100 Christus.
1384 3071 1483 3098 nam
1524 3060 1566 3098 ct
1606 3056 1804 3098 dominus
1837 3056 1880 3097 in
1914 3055 2161 3111 evangelio,
2205 3068 2301 3095 cum
2335 3054 2374 3095 ei

167 3140 193 3167 a
236 3126 620 3170 circumstantibus
669 3128 904 3170 diceretur:
965 3141 1085 3169 ecce
1137 3130 1306 3169 mater
1361 3130 1452 3168 tua
1502 3130 1553 3167 et
1604 3126 1804 3168 fratres
1857 3126 1936 3166 tui
1986 3128 2253 3182 quaerunt
2303 3128 2372 3175 te,

305 3266 349 3300 16
373 3265 485 3310 Verg.
511 3266 602 3300 Aen.
617 3265 679 3307 VI,
705 3266 784 3301 688.
863 3266 891 3300 Ι.
916 3265 996 3300 Cor.
1023 3264 1123 3305 XIII,
1149 3265 1180 3299 7.
1311 3263 1354 3298 17
1383 3265 1413 3299 Ι.
1436 3263 1515 3299 Cor.
1542 3264 1641 3305 XIII,
1667 3265 1699 3299 ἴ).
1725 3264 1757 3298 8.
1884 3264 1928 3298 27
1962 3266 1990 3300 Ι.
2017 3264 2143 3298 Ιο111111.
2168 3263 2213 3306 H,
2242 3262 2291 3295 13.
2320 3261 2372 3295 14.

167 3323 211 3358 32
242 3324 268 3359 Ι.
294 3324 372 3359 Pet.
390 3324 434 3365 V,
459 3326 492 3360 8.
609 3325 652 3359 37
686 3324 819 3370 Ephes.
839 3324 883 3365 V,
910 3323 964 3359 14.
1081 3323 1126 3357 39
1151 3322 1263 3357 Mare.
1286 3323 1350 3363 ΠΙ,
1376 3323 1430 3357 32.

306 3418 322 3451 1
351 3420 413 3452 deo
430 3437 474 3442 —
492 3417 513 3451 6
537 3416 706 3461 consistit]
732 3430 772 3451 ex
797 3418 943 3461 epistula
959 3416 1083 3450 Fausti
1104 3429 1158 3449 nr.
1178 3416 1256 3457 III,
1280 3427 1389 3459 supra
1408 3428 1445 3459 p.
1467 3418 1544 3458 269,
1562 3417 1584 3449 Z.
1599 3420 1619 3449 4
1644 3417 1769 3449 hausta
1785 3415 1947 3448 Ruricius
1972 3415 2069 3457 infra
2087 3413 2141 3454 II,
2156 3415 2201 3446 52
2224 3413 2374 3455 repetivit

166 3477 188 3511 3
213 3479 410 3511 discrimant
431 3478 461 3510 G
545 3478 686 3510 conclus
703 3477 733 3509 G
884 3475 904 3508 6
929 3473 1158 3520 plenissimae]
1187 3474 1326 3517 scripsi,
1352 3475 1548 3517 plenissime
1577 3476 1626 3516 G,
1657 3475 1904 3508 sincerissimae
1929 3474 2027 3516 infra
2049 3484 2083 3514 p.
2108 3474 2194 3511 343,
2228 3471 2249 3502 Z.
2274 3474 2304 3502 4.
2331 3472 2374 3502 36

168 3534 188 3568 7
214 3536 366 3568 deferent
385 3536 415 3567 G
546 3534 568 3567 8
592 3535 768 3568 caritatem
787 3534 817 3565 G
896 3531 1020 3575 amore]
1040 3533 1070 3565 G
1204 3530 1224 3563 9
1249 3532 1277 3564 si
1302 3529 1382 3574 tam]
1402 3532 1534 3574 scripsi,
1559 3533 1608 3564 sic
1625 3545 1645 3565 a
1665 3533 1705 3573 G,
1730 3533 1757 3564 si
1781 3533 1828 3564 ita
1844 3531 2000 3563 Ccmisius
2133 3527 2173 3560 11
2201 3528 2326 3560 uellitis
2345 3528 2374 3559 G

168 3591 208 3634 si]
230 3593 276 3633 G,
301 3604 364 3625 om.
385 3592 542 3625 Canis-ius
621 3589 803 3634 desideras]
837 3591 974 3633 scripsi,
1004 3590 1199 3623 desiderans
1220 3589 1251 3621 G
1380 3587 1422 3620 12
1447 3587 1585 3632 festina]
1619 3589 1758 3631 scripsi,
1790 3589 1959 3621 festinabo
1986 3587 2016 3619 G
2145 3584 2187 3618 13
2219 3586 2318 3617 nobis
2345 3586 2374 3617 (τ’

170 3648 211 3681 17
237 3655 424 3693 oportunae
453 3650 483 3682 G
592 3648 635 3682 19
659 3647 811 3692 aestatis]
837 3649 873 3681 in
896 3661 966 3681 ras.
988 3648 1041 3681 G²
1138 3646 1181 3680 21
1207 3647 1322 3680 domui
1346 3647 1450 3679 rurici
1472 3648 1502 3679 G
1609 3646 1654 3680 ‘22
1677 3648 1805 3680 relictis
1826 3646 1876 3679 G¹
1983 3646 2028 3677 ‘At-5
2053 3645 2143 3677 sribo
2168 3663 2210 3666 —
2236 3644 2326 3675 sribo
2345 3644 2374 3675 G

167 3706 212 3740 29
237 3713 349 3741 aetate
369 3708 399 3740 G
538 3706 584 3740 30
607 3708 770 3750 qualitate
791 3707 821 3739 G
959 3705 1004 3739 33
1027 3706 1164 3739 iuuenis
1185 3706 1214 3737 G
1306 3705 1544 3747 cognoscimus
1566 3706 1596 3737 G
1742 3704 1786 3737 36
1810 3700 1962 3746 leuitate]
1992 3701 2165 3742 Ccmisius,
2196 3701 2323 3734 leuitae
2344 3700 2374 3733 G

168 3763 212 3796 37
237 3765 406 3815 contingis
427 3765 456 3797 G
595 3763 639 3803 38
662 3764 885 3797 inluminauit
912 3764 942 3797 G
1080 3762 1125 3796 39
1149 3762 1196 3807 te]
1223 3775 1286 3796 om.
1310 3763 1339 3795 G

2418 2151 2442 2188 ΚΦ
