2583 4011
984 211 1121 246 mesa
1152 212 1229 255 vn,
1256 214 1352 257 ='›§2
1378 234 1419 238 -
1445 217 1466 247 «ς
1487 217 1553 256 ss.
2292 223 2368 261 loa

169 343 252 384 quo
284 333 329 369 tu
361 327 622 383 spiritalium
655 326 998 368 testimoniorum
1030 340 1234 367 mucrone
1260 328 1520 370 confoderis.
1555 337 1726 370 servata
1753 339 1993 374 ceterorum
2016 342 2101 375 tam
2128 336 2371 376 reverentia

169 411 298 453 quam
322 410 427 452 pace
450 396 703 452 pontificum
727 409 812 435 non
836 395 992 436 iniuria
1015 394 1089 435 tibi
1108 395 1262 441 defleo,
1287 397 1472 451 qualiter
1491 398 1806 440 ecclesiasticas
1829 403 1974 442 caulas
1996 403 2117 444 istius
2137 404 2369 445 haerescos-

166 467 308 522 lupus,
341 465 415 521 qui
445 464 639 520 peccatis
662 464 938 519 pereuntium
964 463 1188 518 saginatur
1211 465 1463 515 animarum,
1497 466 1765 509 clandestino
1790 483 1933 510 morsu
1957 472 2138 512 necdum
2163 474 2371 514 intellecti

167 535 310 577 dentis
341 533 529 576 arrodat.
588 547 774 589 namque
807 533 946 574 hostis
978 534 1198 588 antiquus,
1232 547 1315 589 quo
1350 535 1518 576 facilius
1552 536 1729 577 insultet
1762 537 1979 579 balatibus
2013 541 2155 581 ovium
2189 541 2368 582 destitu-

113 616 127 637 ⁵
167 608 327 654 tarum,
368 603 676 644 dormitantum
717 601 836 658 prius
875 602 1027 658 incipit
1069 602 1314 643 cervicibus
1353 603 1577 645 imminere
1612 612 1846 660 pastorum.
1911 622 2048 662 neque
2083 623 2163 659 ego
2198 610 2255 650 ita
2288 611 2369 651 mei

98 962 129 986 10

96 1308 126 1333 15

93 2348 126 2374 30

95 2694 127 2720 35

166 674 409 716 meminens
457 687 542 714 non
584 686 699 723 sum,
745 676 794 713 ut
833 685 1107 727 nequaquam
1151 685 1217 712 me
1261 671 1374 712 bunc
1417 688 1514 714 csse
1556 674 1821 719 reminiscar,
1870 690 1997 730 quem
2046 677 2186 730 longis
2233 678 2369 719 adlim-

166 742 384 784 abluenda
414 742 588 784 fletibus
623 741 892 783 conscientia
923 745 1114 795 premat:
1148 741 1270 781 cuius
1304 746 1498 783 stercora
1531 748 1676 784 tamen
1711 744 1789 784 sub
1823 758 1903 798 ope
1927 745 2085 785 Christi
2112 746 2368 801 quandoque

166 812 360 868 mysticis
401 812 645 853 orationum
688 816 858 852 tuarum
897 810 1049 851 rastris
1093 810 1454 852 eruderabuntur.
1518 812 1595 853 sed
1634 814 1837 867 quoniam
1885 815 2177 868 supereminet
2218 815 2370 869 privati

166 886 312 923 reatus
344 880 650 923 verecundiam
684 880 861 936 publica
894 879 1032 925 salus,
1074 892 1159 920 non
1193 879 1391 921 verebor.
1426 880 1507 920 etsi
1542 887 1689 937 carpat
1723 882 1862 922 zelum
1897 883 1936 922 in
1972 897 2038 923 me
2070 883 2167 924 fidei
2202 884 2374 924 sinister

167 951 396 1007 interpres,
431 950 511 992 sub
544 950 749 991 vanitatis
783 948 945 990 invidia
975 962 1149 989 causam
1184 948 1369 1004 prodere
1402 950 1612 992 veritatis,
1662 950 1837 994 Evarix,
1873 965 1948 992 rex
1973 950 2225 996 Gothorum,
2259 953 2371 1007 quod

164 1019 346 1062 limitem
389 1020 512 1075 regni
553 1019 620 1061 sui
662 1023 788 1075 rupto
834 1018 1134 1075 dissolutoque
1178 1019 1353 1062 foedere
1394 1021 1572 1076 antiquo
1613 1022 1680 1063 vel
1719 1027 1883 1063 tutatur
1923 1037 2134 1064 armorum
2179 1024 2270 1065 iure
2306 1024 2371 1064 vel

165 1094 412 1146 promovet,
458 1104 539 1132 nee
582 1089 708 1130 nobis
748 1089 1052 1144 peccatoribus
1096 1089 1164 1130 hie
1203 1104 1411 1131 accusare
1452 1104 1531 1132 nec
1564 1090 1687 1132 vobis
1729 1092 1890 1132 sanctis
1925 1092 1991 1133 bie
2026 1091 2242 1133 discutere
2277 1107 2373 1147 per-

166 1159 344 1200 missum
378 1163 457 1200 est.
510 1158 611 1214 quin
645 1159 802 1214 potius,
835 1159 869 1200 si
903 1159 1113 1214 requiras,
1148 1158 1309 1201 ordinis
1341 1174 1409 1201 res
1442 1166 1522 1211 est,
1560 1166 1606 1202 ut
1636 1167 1678 1203 et
1707 1161 1829 1203 dives
1854 1162 1921 1203 hic
1945 1177 2135 1218 purpura
2158 1162 2373 1218 byssoque

163 1229 333 1270 veletur
372 1231 416 1270 et
447 1227 639 1269 Lazarus
678 1227 746 1269 hie
790 1227 1012 1269 ulceribus
1046 1232 1088 1269 et
1121 1233 1379 1283 paupertate
1412 1230 1610 1272 feriatur:
1656 1230 1819 1272 ordinis
1853 1247 1921 1272 res
1956 1237 2041 1273 est.
2088 1237 2154 1272 ut.
2199 1232 2297 1272 dum
2333 1232 2373 1272 in

164 1297 246 1339 hac
295 1297 535 1352 allegorica
581 1310 804 1338 versamur
844 1297 1073 1352 Aegypto,
1120 1297 1290 1338 Pharao
1340 1298 1512 1340 incedat
1563 1314 1658 1340 cum
1707 1299 1973 1344 diademate,
2030 1301 2228 1341 Israelita
2277 1315 2373 1341 cum

165 1367 374 1424 cophino:
413 1366 574 1408 ordinis
609 1381 677 1407 res
711 1370 790 1414 est,
824 1371 885 1415 ut,
918 1365 1019 1406 dum
1054 1366 1095 1407 in
1131 1366 1211 1408 bae
1243 1367 1455 1422 figuratae
1489 1368 1729 1424 Babylonis
1763 1370 1937 1410 fornace
1970 1369 2263 1424 decoquimur.
2298 1384 2373 1410 nos

163 1451 259 1479 cum
300 1436 488 1478 Ieremia
538 1435 780 1492 spiritalem
819 1435 1060 1477 Ierusalem
1112 1437 1361 1493 suspiriosis
1405 1438 1662 1494 plangamus
1714 1439 1951 1480 ululatibus
2001 1444 2043 1479 et
2081 1439 2218 1479 Assur
2259 1440 2370 1479 fastu

162 1506 282 1562 regio
314 1510 469 1548 tonans
503 1510 751 1547 sanctorum
784 1509 934 1546 sancta
966 1506 1204 1561 proculcet.
1257 1507 1413 1562 quibus
1448 1522 1528 1562 ego
1560 1513 1840 1563 praesentum
1874 1508 2200 1562 futurarumque
2235 1508 2372 1549 beati-

164 1575 364 1617 tudinum
387 1574 762 1617 vicissitudinibus
795 1575 1002 1630 inspectis
1036 1577 1281 1617 communia
1313 1578 1551 1633 patientius
1584 1578 1855 1619 incommoda
1885 1578 1996 1621 fero:
2030 1577 2227 1633 primum.
2261 1576 2373 1632 quod

165 1645 271 1687 mihi
303 1659 414 1701 quae
447 1659 620 1686 merear
652 1645 972 1700 introspicienti
1005 1659 1305 1701 quaecumque
1339 1646 1525 1688 adversa
1548 1647 1831 1703 provenerint
1854 1647 2019 1688 leviora
2039 1646 2375 1701 reputabuntur;

164 1714 264 1756 dein
304 1713 420 1770 quod
461 1718 627 1755 certum
667 1714 756 1755 seio
797 1714 1038 1755 maximum
1081 1728 1179 1756 esse
1223 1715 1463 1757 remedium
1508 1717 1725 1758 interioris
1768 1716 1973 1767 hominis,
2019 1716 2054 1756 si
2089 1716 2130 1756 in
2162 1715 2243 1756 hac
2276 1729 2377 1756 area

162 1782 312 1826 mundi
344 1783 474 1824 variis
508 1783 760 1839 passionum
792 1783 980 1839 flagellis
1012 1784 1241 1826 trituretur
1263 1785 1469 1827 exterior.
1521 1785 1610 1838 sed,
1645 1785 1758 1841 quod
1780 1785 2004 1828 fatendum
2027 1789 2104 1837 est,
2137 1784 2377 1840 praefatum

164 1868 314 1909 regem
333 1852 592 1903 Gothorum,
626 1866 888 1908 quamquam
922 1854 978 1895 sit
1010 1854 1065 1895 ob
1089 1854 1243 1895 virium
1266 1855 1424 1896 merita
1444 1855 1662 1901 terribilis,
1697 1869 1781 1896 non
1803 1859 1891 1896 tam
1915 1854 2126 1896 Romanis
2153 1853 2378 1895 moenibus

165 1938 297 1980 quam
328 1922 502 1978 legibus
537 1921 798 1963 Christianis
830 1922 1134 1965 insidiaturum
1166 1938 1367 1979 pavesco.
1419 1928 1601 1977 tantum,
1634 1928 1681 1965 ut
1713 1924 1871 1975 ferunt,
1906 1924 1981 1975 ori,
2014 1928 2179 1964 tantum
2212 1922 2376 1978 pectori

164 2006 241 2034 suo
282 1991 485 2034 catholici
524 1991 686 2033 mentio
718 1992 907 2033 nominis
940 1997 1056 2045 acet,
1101 1997 1148 2034 ut
1180 1994 1377 2049 ambigas
1410 1994 1656 2050 ampliusne
1689 2008 1793 2035 suae
1825 1994 1969 2049 gentis
2001 2007 2055 2034 an
2089 2007 2193 2034 suae
2226 1997 2374 2033 sectae

162 2066 312 2104 teneat
342 2061 646 2118 principatum.
699 2060 754 2102 ad
785 2061 865 2103 hoc
898 2063 1029 2103 armis
1061 2066 1219 2118 potens
1253 2077 1353 2104 acer
1384 2064 1540 2105 animis
1574 2063 1719 2104 alacer
1752 2063 1874 2103 annis
1907 2062 2021 2103 hune
2054 2062 2192 2103 solum
2215 2061 2378 2117 patitur

162 2145 374 2183 errorem,
421 2130 536 2186 quod
575 2133 701 2186 putat
740 2130 820 2171 sibi
862 2134 1124 2172 tractatuum
1166 2131 1533 2186 consiliorumque
1577 2144 1829 2172 successum
1872 2130 2003 2171 tribui
2047 2144 2123 2186 pro
2163 2129 2373 2183 religione

162 2200 380 2256 legitima,
435 2214 563 2255 quem
616 2200 762 2256 potius
805 2200 1053 2255 assequitur
1094 2214 1172 2256 pro
1213 2200 1424 2242 felicitate
1466 2205 1651 2242 terrena.
1722 2204 1899 2255 propter
1940 2199 2052 2254 quod
2095 2198 2249 2240 discite
2293 2197 2376 2238 cito

163 2269 366 2311 catholici
399 2273 537 2311 status
562 2269 859 2311 valetudinem
893 2269 1123 2321 occultam,
1156 2273 1203 2310 ut
1235 2274 1432 2325 apertam
1465 2269 1682 2310 festinetis
1707 2268 1916 2310 adhibere
1940 2267 2213 2309 medicinam.
2264 2266 2373 2307 Bur-

163 2339 341 2395 degala,
389 2339 659 2394 Petrogorii,
712 2338 897 2391 Ruteni,
943 2337 1223 2388 Lemovices,
1274 2338 1543 2389 Gabalitani,
1590 2338 1828 2389 Helusani,
1867 2337 2076 2381 Vasates.
2125 2336 2374 2380 Convenae.

163 2407 434 2457 Auscenses,
492 2408 716 2464 multoque
762 2407 848 2449 iam
899 2408 1036 2449 maior
1080 2421 1287 2449 numerus
1337 2408 1559 2449 civitatum
1609 2408 1789 2448 summis
1842 2406 2138 2448 sacerdotibus
2184 2406 2373 2461 ipsorum

164 2482 306 2520 morte
339 2482 566 2519 truncatus
599 2492 680 2519 nec
713 2478 813 2519 ullis
847 2477 1055 2533 deinceps
1089 2478 1307 2534 episcopis
1343 2478 1385 2519 in
1417 2477 1720 2519 defunctorum
1753 2476 1895 2517 officia
1926 2475 2135 2526 suffectis,
2169 2489 2246 2530 per
2266 2489 2373 2529 quos

164 2547 314 2602 utique
357 2547 571 2589 minorum
616 2547 811 2589 ordinum
853 2548 1095 2590 ministeria
1146 2548 1511 2603 subrogabantur,
1561 2548 1694 2588 latum
1746 2546 1951 2602 spiritalis
1999 2546 2146 2586 ruinae
2194 2544 2375 2585 limitem

164 2616 312 2659 traxit.
374 2630 503 2672 quam
542 2616 634 2659 fere
675 2621 848 2658 constat
886 2617 948 2659 sic
980 2631 1058 2673 per
1090 2617 1287 2673 singulos
1320 2616 1415 2659 dies
1449 2617 1711 2658 morientum
1744 2620 1915 2672 patrum
1947 2614 2154 2670 proficere
2187 2613 2373 2655 defectu.

163 2690 211 2727 ut
252 2700 337 2727 non
379 2685 521 2727 solum
567 2686 789 2741 quoslibet
835 2686 1083 2728 haereticos
1126 2690 1408 2743 praesentum
1449 2699 1599 2728 verum
1642 2685 1771 2727 etiam
1814 2683 2144 2725 haeresiarchas
2186 2683 2373 2737 priorum

164 2758 409 2811 temporum
440 2755 635 2811 potuerit
668 2755 915 2798 inflectere:
949 2756 1010 2797 ita
1041 2756 1228 2812 populos
1261 2769 1452 2798 excessu
1484 2755 1736 2811 pontificum
1769 2753 1945 2795 orbatos
1978 2752 2117 2793 tristis
2141 2751 2373 2793 intercisae

164 2823 267 2866 fidei
308 2824 557 2880 desperatio
599 2824 771 2880 premit.
832 2825 953 2867 nulla
993 2826 1035 2867 in
1076 2826 1283 2868 desolatis
1326 2840 1429 2867 cura
1469 2824 1744 2866 dioecesibus
1785 2822 2100 2879 parochiisque.
2154 2821 2301 2863 videas
2334 2821 2374 2862 in

1914 2940 1943 2962 ta

304 2973 321 3007 1
344 2975 572 3018 spiritualium
589 2975 653 3008 CF
707 2981 776 3009 tam
795 2981 985 3009 ceterorum
1002 2977 1031 3009 (J
1131 2974 1153 3007 2
1171 2976 1348 3008 haereseos
1368 2975 1597 3015 Wilamou-itz,
1620 2975 1706 3007 aeris
1722 2973 1825 3014 (corr.
1841 2974 1876 3006 ιἰι
1890 2974 1974 3006 aetis
1989 2973 2028 3005 M
2039 2972 2065 3014 ²)
2081 2970 2188 3003 MCF
2287 2968 2309 3002 4
2326 2970 2373 3001 in·

1800 3027 1812 3044 Γ

164 3055 269 3089 sultat
285 3055 320 3098 (a
337 3067 425 3088 corr.
443 3056 480 3088 in
497 3067 515 3089 e
531 3056 570 3089 F
575 3055 600 3098 ¹)
620 3056 658 3089 F
770 3056 791 3090 5
817 3057 1072 3090 dormitantium
1090 3056 1128 3088 F
1194 3056 1289 3099 prius
1314 3055 1555 3089 dormitantum
1575 3056 1603 3088 G
1717 3053 1736 3086 7
1755 3060 1884 3088 stecora
1905 3054 1949 3087 0¹
2068 3053 2090 3081 >5
2117 3051 2255 3083 misticis
2274 3049 2380 3082 MCF

2255 3102 2271 3117 n

165 3137 435 3170 eruderabantur
462 3138 491 3170 C
626 3136 647 3170 9
672 3138 824 3181 plublica
850 3137 917 3181 (pr.
943 3138 954 3170 l
979 3149 1068 3171 eras.
1096 3136 1157 3179 (2¹¹)
1189 3137 1218 3169 C
1359 3135 1398 3169 ll
1427 3142 1527 3180 rupto
1553 3136 1587 3179 (o
1612 3137 1647 3169 in
1672 3148 1742 3169 ras.
1769 3136 1844 3176 Δ111)
1872 3135 1914 3167 Μ
2054 3132 2095 3165 12
2121 3131 2288 3183 promovit
2312 3129 2351 3161 M
2363 3130 2369 3148 ¹

166 3215 209 3250 13
241 3218 401 3261 bissoque
425 3217 534 3251 MCF
717 3217 760 3251 15
793 3203 914 3252 versat⁹
940 3230 1030 3251 corr.
1066 3218 1102 3251 in
1135 3200 1266 3251 versaiii
1293 3217 1330 3250 F
1335 3219 1347 3237 ²
1484 3217 1599 3260 egipto
1628 3218 1656 3250 C
1788 3218 1879 3249 farao
1905 3216 1977 3248 Mc*
2099 3213 2269 3245 israhelita
2294 3210 2333 3242 -ll
2338 3210 2374 3249 (1¹,-

166 3296 310 3330 isrlitica
327 3297 365 3330 F
494 3297 534 3330 16
560 3300 670 3332 eofino
688 3299 732 3331 ill
811 3300 979 3332 babilonis
996 3299 1104 3332 MCF
1231 3296 1271 3329 17
1297 3298 1459 3330 hieremia
1485 3296 1590 3337 (corr.
1615 3298 1651 3329 in
1676 3298 1836 3330 hieremie
1858 3295 1918 3336 (1¹)
1940 3296 2012 3328 Mc*
2089 3293 2295 3337 spiritualem
2316 3291 2379 3323 CF

166 3378 373 3411 hierusalem
398 3378 448 3420 JI,
473 3377 578 3411 hirlm
606 3378 642 3419 C,
665 3378 767 3412 ierlm
792 3379 830 3412 F
974 3377 1017 3412 19
1041 3379 1231 3422 pacientius
1260 3378 1288 3410 U
1429 3376 1475 3410 20
1499 3378 1602 3410 michi
1631 3379 1659 3410 C
1754 3377 1994 3420 introspitienti
2020 3374 2056 3407 F
2197 3372 2242 3405 23
2267 3383 2373 3414 quan-

166 3470 267 3501 quam
291 3458 329 3491 F
488 3457 533 3491 26
556 3425 669 3493 ᾺΙὶῑοὲι·
696 3460 725 3493 C
885 3459 929 3493 ‘28
960 3460 1112 3503 legitima
1138 3462 1170 3501 (e
1196 3471 1285 3491 corr.
1312 3469 1353 3491 ea:
1377 3459 1406 3490 &
1436 3457 1496 3499 (1¹)
1526 3458 1561 3498 (J,
1595 3457 1761 3500 legittima
1787 3457 1824 3489 F
1982 3454 2027 3488 29
2052 3454 2273 3486 valitudinem
2301 3451 2378 3483 JJF

166 3539 354 3583 burdegala
378 3552 467 3574 corr.
493 3541 529 3573 in
558 3541 737 3584 burdegali
765 3541 812 3574 C²
960 3539 1006 3573 30
1030 3540 1173 3573 helisani
1201 3539 1230 3572 C
1381 3537 1422 3571 31
1449 3549 1618 3571 auxeuses
1646 3538 1674 3570 (J
1815 3537 1860 3570 32
1885 3536 2049 3569 truncatis
2077 3536 2105 3566 (J
2194 3533 2227 3564 in
2257 3543 2318 3564 om.
2349 3531 2378 3563 C

165 3617 210 3652 33
235 3620 422 3663 spiritualis
444 3620 488 3662 F,
520 3621 712 3664 spirituali&
741 3621 770 3653 C
915 3619 961 3653 34
985 3621 1074 3653 traxi
1103 3620 1131 3653 G
1229 3630 1330 3661 quem
1356 3617 1394 3650 F
1483 3617 1699 3651 morientium
1718 3617 1755 3649 F
1886 3615 1930 3648 36
1956 3589 2056 3658 popls
2082 3614 2141 3645 211¹
2238 3612 2372 3644 orbatos

167 3711 255 3732 corr.
281 3711 321 3733 ex
345 3695 453 3733 orbat'
475 3700 517 3732 M
524 3700 535 3719 ¹
699 3699 742 3733 37
769 3701 940 3743 Ριᾞῐῃᾶίιηι*
966 3699 1071 3741 (duas
1097 3700 1157 3732 litt.
1182 3710 1270 3732 eras.
1294 3696 1371 3739 J11)
1399 3696 1444 3729 Μ
1555 3697 1746 3731 diocesibus
1772 3695 1879 3730 MCF
2000 3693 2238 3738 parochiisque
2262 3692 2372 3733 vulgo,

166 3783 352 3825 parrochiis
380 3781 455 3824 (alt.
481 3793 496 3815 r
521 3793 609 3816 eras.
635 3781 680 3814 ΔΙ
683 3781 712 3825 ²)
731 3782 852 3821 MOR·
877 3782 964 3815 delet
988 3781 1058 3816 Leo

2421 1787 2444 1822 (ἱ
