2583 4011
960 205 1096 240 LIBER
1129 206 1153 245 l,
1188 205 1196 240 l
1226 208 1245 248 ,ξ
1271 208 1292 239 3
1319 227 1359 232 —-
1391 208 1434 242 lll
1465 210 1483 250 ,ξ
1510 211 1540 243 s».
2262 216 2335 255 3⁰1

147 323 200 364 dc
246 322 385 364 reditu
433 336 559 377 quam
607 322 818 378 imputare
865 322 918 364 de
966 323 1103 378 lapsu.
1175 323 1361 377 denique
1412 338 1492 364 non
1544 325 1581 364 ei
1631 326 1948 380 exprobrantm·
1995 329 2206 373 facinora,
2261 344 2344 370 non

146 394 330 436 luxuria.
362 406 446 432 non
481 397 676 446 egestas:
720 393 812 433 sola
844 394 1040 434 conversi
1073 394 1266 434 reversio
1301 395 1441 434 omniu
1476 393 1630 434 damna
1665 401 1931 450 ‹·onq›‹=nsat.
1965 397 2063 451 quia
2096 399 2232 438 maior
2263 398 2343 439 fuit

145 463 295 518 procul
328 461 457 502 dubio
490 462 600 516 patri
635 462 817 501 facultas
851 462 1014 503 reditus
1039 477 1166 517 quam
1191 477 1333 503 rerum
1359 464 1558 504 facultas.
1612 464 1753 517 itaqu«¹
1779 465 1997 505 abscessio
2023 480 2139 506 reum
2166 468 2341 510 fecerat.

144 531 359 586 regressio
392 530 492 571 fecit
520 530 731 570 insontem
766 536 807 571 et
835 531 1130 572 misericordia
1158 532 1317 572 suffivit.
1352 531 1511 572 heredi.
1546 532 1645 586 quin
1683 533 1810 572 etium
1852 539 2059 588 paternae
2089 536 2342 576 elementiae

91 611 105 633 5¹
144 602 270 641 venia
303 600 394 640 sola
426 613 509 640 non
545 600 714 641 suflicit.
749 600 861 654 quod
896 601 1006 641 ulnis
1039 602 1168 644 fovet,
1211 600 1323 655 quod
1358 602 1495 652 gratia
1532 602 1785 656 permulcet,
1827 603 1907 642 nisi
1942 609 1984 642 et
2018 617 2194 644 munera
2228 605 2343 657 larga

74 956 104 979 10

64 1846 98 1871 ‘20

62 2540 95 2565 30

60 2886 91 2912 35

144 669 413 725 multiplicet.
470 668 543 709 dat.
572 669 762 714 anulum,
796 684 848 709 ne
883 683 1029 710 rursus
1064 684 1088 709 a
1121 675 1258 725 pat-re,
1295 669 1473 725 pertidia
1503 669 1764 715 abducente,
1798 671 2016 712 disee-dat:
2051 673 2343 714 ‹·al‹·‹·=11n‹·nta

146 738 219 779 dat
250 738 446 793 pedibus,
479 751 561 792 quo
595 738 765 778 facilius
799 738 920 779 ardui
956 740 1120 780 itineris
1154 754 1309 795 aspera
1343 744 1385 779 vt
1412 739 1518 780 dura
1542 745 1807 783 vontmnnat:
1841 740 1914 781 dat
1937 746 1979 781 et
2003 742 2137 796 ipsam
2165 743 2341 796 primam

143 821 269 862 quam
312 806 562 863 perdiderat
601 807 774 850 stolam.
818 814 864 848 ut
902 822 1027 862 quem
1062 824 1086 849 a
1120 814 1257 849 morte
1292 814 1534 864 receperat.
1578 810 1760 864 pristina
1792 810 2114 850 immortalitate
2148 810 2342 851 donaret.

141 877 268 918 (latur
310 877 439 917 ctiam
484 876 576 931 ipse
623 876 775 916 iuniori
811 878 970 917 vitulus
1012 892 1205 921 reverso,
1248 879 1316 933 qui
1361 879 1516 919 seniori
1551 893 1688 931 agnus
1722 879 1849 919 datus
1883 880 2024 920 fuerat
2057 880 2107 920 do
2142 880 2343 936 Aegypto

141 947 406 1003 profecturo,
458 946 553 1000 quia
600 945 690 1001 ipsc
740 946 883 986 educit
934 962 986 987 ex
1029 948 1231 1003 Aegypto
1280 953 1411 1002 pater.
1488 949 1593 988 tanti
1648 949 1842 1003 parentis
1894 949 2061 988 imitare
2109 955 2151 989 tu
2201 949 2342 991 tidem.

140 1016 262 1057 trade
296 1015 596 1071 peccatoribus
629 1015 907 1059 adiutorium.
950 1022 1120 1072 praesta
1155 1016 1411 1057 conantibus
1447 1018 1764 1058 remissionem.
1800 1019 2153 1058 i11t‹=1·‹·‹›ssion‹=1n
2190 1019 2344 1070 largire

140 1088 450 1142 confitentique
483 1087 570 1127 filio
605 1101 685 1127 non
723 1087 860 1127 solum
897 1087 989 1141 ipse
1023 1088 1190 1127 veniam
1225 1087 1380 1133 tribue,
1415 1086 1491 1127 sed
1527 1087 1617 1142 ips(-
1653 1088 1821 1127 veniam
1856 1087 2105 1143 deprecare,
2139 1093 2185 1128 ut
2218 1103 2342 1142 quem

140 1157 181 1198 in
213 1157 444 1212 peregrina
476 1156 615 1211 patria
649 1156 846 1211 appellas
880 1156 1085 1201 liberum,
1127 1157 1168 1196 in
1208 1157 1380 1212 propria
1424 1157 1564 1212 possis
1597 1156 1746 1198 videre
1784 1157 2030 1203 liberatum,
2075 1163 2116 1198 et
2154 1159 2222 1212 qui
2267 1173 2344 1212 por

141 1241 187 1268 se
219 1227 362 1268 amisit
393 1226 653 1267 dominicam
699 1226 1023 1270 lilim-alitatem.
1068 1240 1144 1281 per
1183 1231 1224 1267 te
1259 1232 1480 1267 mereatur
1512 1227 1717 1280 consequi
1752 1226 1994 1266 libertatem
2030 1241 2107 1267 ΠΜ·
2142 1243 2165 1268 a
2201 1233 2342 1267 vestro

88 1307 100 1329 ’ν
139 1300 364 1352 separetur
397 1296 572 1341 solacio,
606 1296 683 1349 qui,
712 1299 1010 1350 sequestratur
1039 1310 1064 1336 a
1097 1297 1301 1352 praemio.

1200 1469 1281 1512 III.

185 1571 658 1617 DEVINCTISSIMO
691 1570 852 1613 FILIO
887 1571 1250 1621 SEMPERQUE
1284 1572 1620 1615 MAGNIFIOO
1654 1573 1957 1616 HESPERIO
1992 1573 2291 1615 RURIClUS.

279 1676 508 1738 Ssmfflmm
540 1693 644 1734 mihi
678 1693 732 1734 ad
764 1695 1099 1736 unanimitatem
1131 1700 1249 1736 tuam
1283 1695 1460 1746 aditum,
1495 1709 1621 1750 quem
1653 1696 1934 1737 obstruxerat
1956 1697 2186 1752 imperitia,
2219 1701 2341 1751 pate-

133 1766 237 1808 fecit
278 1765 459 1806 affectus
501 1768 544 1804 et
589 1763 661 1804 illa
699 1763 963 1805 dominatrix
1006 1765 1195 1806 omnium
1235 1765 1399 1820 pietas,
1447 1779 1526 1821 per
1568 1779 1695 1820 quam
1736 1766 1970 1806 flectuntur
2008 1765 2166 1821 rigida,
2209 1780 2340 1807 saxea

135 1836 398 1885 molliuntur,
455 1834 662 1876 sedantur
707 1833 891 1881 tumida„
941 1835 1160 1875 leniuntur
1209 1848 1383 1890 aspera.
1433 1839 1682 1875 tumescunt
1730 1834 1867 1876 lenia.
1918 1835 2153 1876 mitescunt
2197 1850 2342 1877 saeva.

134 1906 336 1947 saeviunt
366 1905 508 1949 mitia,
552 1903 851 1945 accenduntur
891 1903 1083 1959 placida*
1128 1909 1343 1945 acuuntur
1384 1904 1530 1949 bruta
1574 1903 1849 1945 dominantur
1889 1904 2091 1946 barbara.
2134 1905 2341 1946 immania

132 1977 375 2032 placantur,
417 1975 547 2016 etiam
582 1974 625 2014 in
656 1987 724 2015 me
758 1987 867 2029 opus
901 1987 1025 2014 suum
1058 1987 1295 2029 peragens,
1342 1987 1389 2015 os
1423 1973 1596 2028 elingue
1630 1974 1863 2018 reseravit,
1906 1973 2147 2029 producens
2181 1988 2248 2015 me
2283 1989 2337 2015 ex

132 2045 346 2087 tutissimo
393 2044 552 2085 silentii
600 2057 778 2085 recessu
828 2042 880 2083 ad
924 2043 1145 2098 publicum
1186 2043 1593 2098 formidandumque
1637 2043 1862 2089 iudicium,
1910 2050 1952 2085 et
1991 2045 2170 2086 invitata
2201 2046 2334 2085 vestri

131 2128 242 2156 nova
283 2113 426 2155 subire
466 2112 703 2168 compellit,
753 2112 918 2153 scilicet
962 2117 1009 2153 ut
1051 2113 1121 2168 qui
1164 2113 1375 2154 hactenus
1416 2113 1532 2154 illam
1578 2114 1836 2154 sententiam
1880 2118 2053 2155 secutus
2103 2115 2335 2169 antiquam.

87 2203 92 2216 =
131 2198 215 2240 qua
255 2183 412 2224 dicitur
452 2196 768 2238 saepenumero
801 2186 1026 2237 praestare
1061 2187 1207 2224 tacere
1241 2196 1368 2238 quam
1401 2182 1566 2225 (licere.
1610 2183 1882 2224 inscientiam
1928 2197 2069 2224 meam
2110 2183 2335 2224 maluerim

132 2252 422 2295 verecundiae
461 2252 760 2293 taciturnitate
794 2255 942 2306 tegere
983 2266 1108 2306 quam
1152 2252 1429 2307 impudenter
1468 2252 1683 2293 incondito
1727 2266 1925 2294 sermone
1966 2252 2182 2308 proferre,
2228 2267 2339 2294 nunc

128 2327 217 2364 tam
264 2321 593 2363 consuetudinis
640 2335 764 2363 meae
817 2321 1045 2362 immemor
1092 2335 1221 2377 quam
1269 2322 1527 2363 rusticitatis
1576 2322 1755 2368 oblitus,
1814 2322 1935 2376 quasi
1985 2336 2038 2363 ex
2087 2323 2246 2364 Arione
2295 2323 2335 2363 in

131 2391 352 2449 Orpheum
393 2395 573 2447 repente
610 2395 821 2441 mutatus,
862 2391 990 2431 velim
1031 2390 1328 2432 disertissimis
1371 2390 1545 2432 auribus
1584 2392 1667 2432 tuis
1700 2405 1770 2432 ore
1804 2391 1976 2445 garrulo
2009 2405 2092 2432 non
2123 2396 2210 2432 tam
2245 2392 2338 2432 offl-

132 2462 272 2502 ciosus
313 2475 440 2517 quam
481 2460 714 2501 iniuriosus
758 2461 968 2505 existere,
1009 2460 1109 2502 (lum
1143 2465 1187 2502 et
1218 2462 1367 2516 ignota
1398 2466 1644 2518 pertempto
1679 2467 1722 2503 et
1755 2462 1925 2503 insueta
1956 2475 2200 2517 praesume.
2262 2462 2336 2504 sed

132 2530 310 2582 dabitis,
349 2534 397 2570 ut
429 2544 540 2581 reor,
573 2529 743 2571 veniam
777 2530 969 2571 venienti
1004 2545 1059 2571 ex
1092 2531 1417 2573 necessitudine
1451 2531 1729 2573 necessariae
1763 2531 2060 2577 necessitatisq
2107 2532 2207 2587 quia
2239 2532 2338 2587 quid

131 2600 306 2641 dilectio
348 2600 391 2640 in
438 2599 685 2640 mortalium
734 2599 952 2641 mentibus
1000 2600 1187 2642 naturali
1235 2605 1454 2656 potestate
1504 2601 1585 2641 sibi
1634 2601 1842 2644 vindicet.
1896 2602 2115 2643 conscium
2163 2606 2338 2643 mutuae

130 2669 348 2726 passionis
392 2673 542 2724 pectus
590 2669 803 2724 agnoscit.
882 2683 986 2724 ergo
1033 2684 1086 2711 ne
1135 2670 1408 2711 excusationi
1455 2670 1617 2712 diutius
1671 2671 1971 2721 immorantes„
2028 2671 2087 2711 ita
2133 2671 2336 2726 paginam

131 2739 380 2790 dilatemus,
412 2741 460 2778 ut
491 2752 575 2779 non
608 2738 746 2779 solum
780 2738 858 2779 tibi
889 2753 975 2780 non
1009 2739 1218 2781 exhibeat
1251 2754 1393 2781 sermo
1426 2739 1683 2795 incomptior
1867 2754 2016 2782 verum
2048 2741 2177 2781 etiam
2212 2741 2337 2795 copia

129 2808 375 2849 inordinata
402 2806 639 2858 fastidium,
673 2807 756 2848 iam
781 2808 824 2848 in
847 2822 999 2849 vocem
1021 2808 1198 2863 pietatis
1223 2809 1488 2865 erumpimus
1513 2814 1557 2850 et
1579 2809 1894 2851 desideriorum
1918 2808 2050 2850 verba
2072 2813 2336 2859 metuamus

131 2876 484 2919 commendantes
517 2875 594 2917 tibi
635 2876 792 2931 pignus
835 2881 1050 2927 nostrum,
1094 2877 1340 2934 depositum
1384 2883 1527 2930 tuum,
1571 2879 1691 2921 cuius
1731 2893 1810 2920 nos
1851 2878 2124 2934 susceptione
2168 2878 2336 2934 cepisti.

129 2947 208 2988 tibi
242 2946 357 2988 enim
391 2960 512 3001 spem
546 2945 815 3000 posteritatis
847 2961 987 2997 meae,
1019 2946 1095 2987 tibi
1119 2948 1328 2989 solacium
1354 2949 1468 2990 vitae
1492 2949 1737 3004 praesentis
1761 2952 1803 2988 et
1826 2948 2040 2998 levamen,
2075 2948 2110 2988 si
2134 2947 2336 2988 divinitas

128 3014 349 3068 adnuerit,
390 3014 580 3067 futurae,
624 3014 703 3055 tibi
745 3028 831 3056 una
871 3016 1014 3057 omnia
1055 3030 1152 3057 mea
1188 3021 1288 3058 vota
1334 3017 1542 3059 commisi.
1605 3022 1648 3059 te
1692 3017 1930 3059 elicitorem
1975 3021 2019 3058 et
2058 3016 2336 3058 formatorem

129 3085 376 3141 lapillorum
407 3084 631 3136 nobilium,
664 3088 706 3125 te
739 3084 988 3126 rimatorem
1022 3086 1129 3132 auri,
1171 3089 1214 3127 te
1248 3089 1515 3142 repertorem
1549 3101 1687 3142 aquae
1720 3087 1896 3128 latentis
1929 3087 2055 3141 elegi,
2096 3086 2166 3141 qui
2199 3085 2333 3126 scires

266 3223 287 3257 ss
313 3221 400 3257 Luc.
426 3222 505 3264 XV,
530 3223 585 3257 22.
703 3223 724 3256 9
750 3221 836 3257 Luc.
864 3221 943 3263 XV,
968 3222 1023 3257 23.
1097 3222 1210 3258 Exod.
1236 3222 1316 3263 XII,
1341 3224 1374 3259 3.

268 3304 285 3337 1
312 3303 354 3347 ei]
381 3310 414 3338 et
436 3305 465 3338 G
594 3303 615 3337 2
641 3316 842 3348 conuersas«,
867 3317 936 3338 ras.
957 3316 975 3338 c
993 3311 1052 3337 aut
1069 3316 1086 3338 e
1106 3305 1136 3337 G
1265 3304 1286 3337 3
1311 3305 1426 3348 itaque
1448 3305 1478 3338 G
1559 3304 1667 3348 reum]
1695 3317 1718 3338 u
1743 3317 1759 3338 e
1777 3318 1865 3338 corr.
1887 3302 1942 3338 G2
2071 3303 2093 3337 4
2119 3306 2201 3348 quin
2227 3305 2327 3339 etiam

127 3363 229 3396 uenia
253 3363 343 3396 sola:
375 3368 537 3406 paternae
570 3364 771 3397 clementiae
796 3375 865 3397 non
890 3364 1017 3396 sufficit
1041 3363 1126 3395 coni.
1149 3362 1337 3396 Illommsen
1445 3368 1477 3396 et
1502 3375 1518 3396 e
1543 3376 1632 3396 corr.
1654 3363 1707 3396 G²
1813 3364 1984 3397 heredssw„
2018 3375 2104 3395 corr.
2137 3363 2250 3396 heredi
2280 3363 2331 3395 G¹

127 3420 149 3453 5
173 3422 272 3464 larga
293 3421 322 3454 G
461 3420 482 3452 6
507 3422 634 3465 perfida
658 3422 806 3454 abduces
829 3421 859 3454 G
873 3422 895 3463 ¹,
921 3422 1061 3464 perfidia
1087 3422 1172 3454 duce
1197 3426 1227 3453 et
1250 3421 1287 3452 in
1311 3433 1375 3463 ms]-
1402 3421 1483 3454 add.
1509 3422 1554 3455 al.
1581 3423 1707 3465 perfida.
1732 3422 1920 3454 abducente
1943 3422 1993 3453 G²
2137 3421 2180 3453 10
2204 3421 2334 3453 imitare

128 3477 180 3522 tu]
203 3479 404 3519 BIommsen,
428 3479 560 3512 imitare
576 3485 694 3513 tantus
714 3480 882 3521 Canisius,
906 3480 1084 3512 imitantur
1101 3479 1164 3520 G1,
1187 3479 1224 3511 in
1240 3490 1304 3521 my.
1319 3479 1401 3511 ncld.
1416 3480 1457 3512 al.
1477 3480 1568 3512 imita
1587 3479 1639 3512 G²
1760 3478 1799 3511 11
1820 3479 2060 3511 intercessione
2079 3479 2107 3510 G
2226 3478 2267 3510 123
2284 3490 2333 3511 se-

127 3541 279 3578 questrat
299 3536 363 3578 G¹,
387 3548 475 3569 corr.
494 3537 545 3569 G2
617 3535 650 3579 a]
678 3549 742 3570 om.
760 3538 790 3570 G
906 3536 950 3570 22
975 3539 1156 3581 sselinguae
1174 3538 1204 3570 G
1320 3535 1365 3570 23
1388 3536 1548 3581 inuitata]
1568 3537 1769 3578 Mommsen,
1794 3537 1902 3569 inuita
1927 3537 1994 3568 iam
2013 3536 2042 3568 G
2158 3534 2200 3568 27
2219 3536 2285 3568 iam
2304 3536 2334 3568 G

126 3590 253 3635 arione]
279 3593 370 3625 illud
395 3592 647 3636 Vergilianum:
671 3595 714 3626 sit
731 3595 872 3637 Tityrus
889 3595 1056 3638 Orpheus,
1082 3595 1238 3638 Orpheus
1263 3595 1297 3626 in
1323 3595 1429 3636 silvis,
1454 3596 1543 3628 inter
1559 3595 1737 3638 delphinas
1754 3594 1861 3626 Arion
1881 3593 2012 3635 (Ecloss.
2034 3592 2140 3633 VIII,
2156 3592 2214 3628 55)
2234 3593 2331 3624 homo

126 3649 269 3682 stolidus
292 3650 382 3682 male
406 3650 608 3683 intellexisse
631 3651 775 3692 ridetur,
798 3657 835 3684 ul
858 3653 988 3685 monuit
1012 3653 1201 3685 Mommsen
1350 3651 1396 3685 28
1419 3655 1551 3686 orfeum
1580 3654 1610 3685 G
1702 3653 1818 3685 uellim
1848 3652 1878 3684 G
2026 3650 2070 3683 ⁵29
2095 3651 2251 3694 pertimto
2280 3651 2331 3682 G¹

127 3704 172 3738 30
196 3708 389 3740 necessitati
410 3708 440 3740 G
579 3707 625 3741 32
649 3710 750 3741 immo
775 3716 944 3743 morantes
967 3710 996 3741 G
1135 3709 1179 3742 33
1205 3711 1366 3753 suppleas
1391 3711 1600 3754 voluptatem
1743 3709 1787 3741 538
1812 3710 1913 3742 lantis
1931 3709 1993 3749 G¹‚
2016 3709 2117 3741 lentis
2135 3709 2198 3749 GP,
2223 3709 2331 3742 laticis

127 3765 210 3810 conv}
231 3765 419 3797 Mommsen
513 3767 593 3809 eligi
623 3766 652 3798 G
745 3769 841 3800 sciris
870 3768 899 3800 G

2389 957 2412 990 Η

2383 2116 2407 2154 Ιύ

2382 2950 2405 2988 cv
