2583 4011
96 1047 128 1071 10

94 2533 127 2558 30

96 3011 128 3036 35

882 187 1018 222 Lissi<
1050 187 1092 227 n,
1128 187 1225 222 xhn
1252 188 1271 230 g
1301 189 1313 222 1
1344 208 1386 211 —
1415 188 1542 223 xilva
1571 190 1590 230 ,5
1620 191 1648 223 1.
2284 196 2364 234 343

1199 360 1335 402 XLV.

615 452 696 493 AD
730 452 991 494 DoMNUM
1024 451 1337 493 HISPANUM
1372 452 1602 493 munel!
1642 455 1923 496 leplsfflnu.

311 532 428 592 Auo
461 551 639 605 gratias,
673 551 798 607 quod,
832 551 932 593 (111111
966 551 1090 592 1101115
1119 550 1395 592 Doranoniae
1429 552 1567 607 spolia
1602 553 1908 599 transmittitis,
1943 555 2145 608 pietatem
2181 561 2364 596 vestram

167 635 273 676 erga
320 635 387 662 me
436 621 772 662 sincerissimam
821 621 1133 677 comprobatis,
1188 635 1271 676 qua
1320 635 1394 661 nos
1443 621 1627 676 amplius
1683 636 1810 676 quani
1864 622 2029 664 deliciis
2078 624 2364 665 delectamur:

165 690 376 745 siquidem
415 690 515 732 inde
559 691 744 732 esuriem
790 692 983 747 eorporis
1027 705 1369 746 compescemus.
1415 691 1513 732 hine
1555 690 1710 737 cordis;
1756 690 1854 732 inde
1897 693 2034 732 ventri
2075 694 2366 734 transitorium

165 760 423 815 porrigimus
463 764 656 816 pastum,
708 760 805 802 hinc
847 775 946 802 vero
988 761 1129 802 animo
1169 775 1419 801 mansurum
1469 760 1728 816 praebemus
1771 761 1986 802 affectmn.
2058 762 2234 817 proinde
2281 768 2366 803 tam

165 829 300 870 amori
347 843 473 885 quam
513 830 678 871 muneri
720 836 865 872 vestro
907 830 1071 886 gratias
1110 834 1414 885 repensantes,
1466 830 1699 886 reciprocis
1745 829 1951 885 pietatem
2000 835 2188 871 vestram
2236 832 2365 886 pluri-

163 912 279 939 mum
331 899 607 955 sospitamus.
676 904 719 941 et
773 900 872 955 quia
924 899 975 941 (10
1028 904 1176 941 nostra
1222 899 1412 953 dignaris
1468 915 1565 940 csse
1620 900 1757 940 salute
1809 900 2041 950 sollicitus,
2100 901 2217 941 iuxta
2273 906 2369 941 vota

165 968 342 1024 pietatis
365 973 536 1011 vestrae
569 984 636 1011 me
660 971 805 1011 valere
839 970 1033 1024 significo
1066 969 1278 1024 simulque
1311 967 1512 1024 (10110500,
1545 968 1618 1009 ubi
1651 973 1845 1010 sanctum
1879 969 2042 1024 paseha
2074 970 2228 1010 facturi
2262 970 2367 1011 sitis.

165 1052 233 1080 me
266 1039 587 1081 recurrentibus
620 1039 858 1081 instruatis.

1185 1153 1344 1195 XLVI.

538 1246 770 1288 RURICII
803 1245 1078 1288 El’lseol’l
1111 1244 1194 1286 AI)
1229 1245 1670 1286 PRESBYTERUM
1706 1246 1993 1288 ALBINUM.

311 1325 409 1387 UBI
441 1346 493 1387 ad
527 1361 595 1388 1110
629 1346 865 1387 00111111111115
898 1347 1040 1387 luctus
1074 1345 1211 1386 nuntii
1246 1359 1416 1386 rumore
1450 1346 1666 1401 pervenit,
1710 1346 1821 1400 quod
1864 1350 2006 1386 tamen
2050 1346 2225 1385 miratus
2260 1360 2367 1387 sum.

164 1415 274 1470 quod
308 1430 392 1456 non
426 1416 506 1456 1100
539 1416 658 1472 1111115
692 1430 748 1457 ex
780 1416 1081 1470 germanitatis
1104 1420 1277 1457 vestrae
1310 1416 1521 1457 relatione
1555 1416 1749 1471 cognovi,
1783 1416 1875 1471 ipse
1908 1415 1962 1456 ad
1987 1430 2061 1456 vos
2085 1414 2368 1470 requirendos

117 1501 124 1515 ¹
164 1485 366 1525 continuo
391 1485 622 1538 venissem,
655 1485 738 1526 nisi
761 1500 828 1527 me
853 1485 1021 1526 dierum
1043 1485 1196 1526 horum
1227 1485 1473 1526 reverentia
1506 1485 1785 1527 retardasset.
1837 1485 1915 1526 has
1949 1485 2180 1535 transmisi,
2214 1484 2369 1539 quibus

163 1568 310 1609 spero,
351 1559 398 1595 ut
429 1569 497 1596 me
531 1558 786 1596 excusatum
828 1554 990 1596 habere
1031 1554 1270 1610 dignemini
1312 1560 1355 1596 et
1398 1555 1530 1596 filiam
1571 1559 1784 1602 nostram,
1828 1569 1953 1609 quam
1993 1554 2121 1595 audio
2160 1569 2204 1594 se
2239 1553 2369 1595 velie-

162 1626 333 1665 menter
370 1623 587 1678 affligere,
633 1623 688 1664 ad
725 1624 866 1666 vicem
905 1639 1047 1666 meam
1088 1628 1175 1664 tam
1216 1638 1271 1665 ex
1311 1625 1478 1666 ratione
1521 1638 1648 1679 quam
1691 1638 1746 1666 ex
1785 1629 1929 1666 vestra
1971 1624 2226 1665 auctoritate
2269 1638 2369 1664 con-

163 1692 373 1744 solemini,
407 1692 518 1748 quod
551 1693 751 1735 dominus
785 1697 935 1735 noster
967 1692 1019 1734 de
1054 1708 1179 1735 servo
1214 1708 1290 1734 suo
1323 1698 1365 1734 et
1397 1693 1567 1749 quando
1600 1693 1733 1734 voluit
1765 1697 1808 1734 et
1839 1693 1953 1748 quod
1984 1693 2119 1734 voluit
2152 1693 2265 1734 fecit.
2328 1697 2369 1732 ct

163 1761 260 1803 ideo
294 1766 443 1804 contra
475 1763 744 1805 voluntatem
775 1762 938 1804 domini
962 1762 1112 1805 venire
1137 1761 1370 1813 videbitur,
1403 1762 1471 1804 cui
1503 1762 1706 1818 displicet
1737 1761 1883 1803 divina
1914 1762 2187 1817 praeceptio:
2220 1762 2368 1815 utique

93 1840 107 1864 2
163 1831 324 1885 divina,
365 1833 466 1888 quia
497 1834 683 1874 animam
715 1837 907 1874 nostram
939 1832 1012 1873 ille
1047 1832 1175 1883 solus,
1211 1846 1308 1873 cum
1342 1831 1541 1885 voluerit,
1582 1846 1637 1873 ex
1670 1846 1849 1888 corpore
1882 1835 2026 1887 potest
2059 1831 2258 1880 educere,
2301 1830 2369 1885 qui

162 1901 272 1943 fudit
303 1902 347 1943 in
386 1917 579 1958 corpore.
641 1907 683 1944 et
724 1902 882 1944 idcirco
922 1902 1062 1942 luctus
1101 1901 1183 1943 iste
1225 1901 1401 1951 nimius,
1443 1901 1516 1956 qui
1554 1901 1724 1942 videtur
1762 1916 1858 1943 0550
1898 1901 2093 1957 pietatis,
2139 1901 2275 1955 magis
2315 1915 2370 1941 ex

164 1970 326 2013 diaboli
371 1973 550 2014 consilio
595 1986 723 2028 quam
770 1986 826 2013 ex
872 1971 1036 2027 pietate
1080 1970 1327 2023 descendit,
1371 1974 1436 2023 ut,
1483 1969 1584 2011 dum
1628 1970 1750 2012 dolor
1790 1971 2100 2012 consolationis
2139 1969 2368 2025 impatiens

163 2041 369 2096 querellis
410 2042 498 2083 suis
539 2041 667 2083 deum
709 2041 946 2097 impietatis
987 2040 1242 2096 exprobrat,
1293 2040 1365 2095 qui
1412 2040 1637 2096 praemisit
1683 2040 1817 2081 filium
1864 2055 1942 2096 per
1985 2041 2218 2081 humanam
2265 2053 2366 2080 0011-

162 2109 396 2164 dicionem,
437 2126 516 2167 per
558 2111 904 2153 incredulitatem
953 2110 1142 2151 animam
1180 2109 1345 2165 perdat.
1414 2110 1623 2165 plangant
1664 2111 1819 2151 mortui
1857 2114 2051 2151 mortuos
2096 2124 2216 2158 51105,
2264 2123 2369 2163 quos

163 2184 484 2222 resurrecturos
519 2195 617 2222 esse
650 2195 735 2221 non
768 2179 963 2230 credunt,
997 2180 1070 2235 qui
1101 2179 1290 2221 animam
1313 2194 1409 2221 cum
1434 2194 1562 2222 carne
1593 2180 1825 2221 aestimant
1846 2180 2037 2232 interire,
2070 2179 2227 2235 quibus
2251 2178 2368 2219 nulla

161 2248 215 2290 de
248 2248 519 2292 beatitudine
552 2251 738 2303 animae,
771 2251 892 2292 nulla
925 2249 978 2291 (10
1012 2251 1205 2306 corporis
1239 2250 1555 2292 restauratione
1586 2250 1743 2291 fiducia
1765 2253 1844 2291 est.
1900 2264 1977 2291 nos
2001 2264 2118 2302 vero,
2151 2249 2224 2303 qui
2248 2263 2367 2304 spem

162 2320 490 2361 resurrectionis
537 2320 749 2362 habemus
796 2320 839 2361 in
879 2320 1078 2371 Christo,
1126 2320 1197 2375 qui
1242 2321 1408 2362 animas
1451 2325 1622 2362 nostras
1668 2320 1790 2361 iuxta
1832 2319 2190 2375 pollicitationem
2233 2319 2367 2374 ipsius

163 2386 327 2429 domini
359 2389 401 2430 in
435 2393 683 2431 sanctorum
723 2390 887 2431 sinibus
928 2389 1145 2431 eredimus
1188 2390 1411 2442 collocari,
1457 2389 1512 2431 ad
1549 2390 1689 2446 ipsum
1729 2403 1806 2431 nos
1846 2388 1976 2430 corde
2017 2392 2059 2430 et
2100 2388 2366 2429 orationibus

164 2458 436 2499 conferamus
475 2463 518 2500 01
559 2459 902 2501 consolationem
942 2458 995 2501 (10
1033 2459 1170 2515 11151115
1211 2460 1500 2515 promissione
1543 2459 1784 2515 capianmS,
1826 2458 1941 2513 quod
1980 2457 2207 2500 credentes
2248 2458 2289 2498 in
2324 2472 2368 2497 se

164 2540 312 2568 secum
344 2528 492 2571 vivere
524 2529 658 2571 faciat
690 2544 771 2571 nec
803 2529 917 2570 ullus
950 2529 1066 2585 apud
1090 2544 1189 2571 eum
1213 2530 1296 2571 nisi
1320 2529 1503 2570 infidelis
1527 2534 1721 2571 mortuus
1744 2527 1971 2569 iudicetur.
2023 2532 2065 2568 et
2087 2528 2147 2568 ita
2168 2527 2368 2582 planetus

164 2600 350 2650 nostros,
389 2598 498 2639 sicut
530 2599 744 2654 scriptura
776 2613 854 2640 nos
887 2598 1056 2652 edocet,
1096 2604 1404 2655 temperemus,
1442 2598 1608 2640 dicens:
1651 2599 1828 2639 luctus
1872 2597 2131 2653 sapientis
2171 2601 2367 2652 septem

164 2665 367 2719 diebus,
400 2667 548 2724 impii
580 2683 701 2710 vero
734 2683 913 2710 omnes
946 2668 1059 2710 dies
1093 2669 1237 2711 vitae
1271 2683 1414 2711 suae.
1469 2670 1580 2710 sicut
1608 2669 1768 2710 scimus
1791 2668 1911 2709 illum
1936 2671 2151 2708 mortuum
2176 2681 2367 2723 corpore,

165 2735 310 2778 anima
341 2750 442 2779 vero
474 2752 550 2794 pro
583 2738 836 2780 innocentia
867 2753 946 2781 sua
977 2738 1057 2781 deo
1091 2739 1251 2791 vivere,
1284 2739 1345 2781 ita
1376 2753 1455 2780 nos
1488 2738 1686 2780 viventes
1718 2752 1896 2794 corpore
1929 2736 2056 2778 corde
2090 2737 2335 2778 moriamur.

1175 2910 1358 2953 XLVII.

717 3005 950 3048 RURICII
982 3004 1258 3047 EPISCOPI
1290 3004 1372 3046 AD
1405 3003 1817 3045 TAURENTIUM.

309 3082 428 3145 Aoo
460 3105 623 3159 gratias
655 3105 1009 3160 promptissimae
1040 3105 1084 3146 in
1115 3104 1288 3145 domino
1321 3103 1543 3145 devotioni
1575 3106 1618 3143 et
1649 3102 1967 3143 sincerissimae
2005 3116 2109 3156 erga
2152 3115 2218 3141 me
2258 3100 2368 3141 cari-

165 3172 242 3212 tati
265 3176 449 3225 vestrae,
482 3188 593 3228 quae
625 3173 796 3216 divinae
827 3173 1029 3216 bonitatis
1061 3173 1271 3215 imitatrix
1302 3172 1376 3214 dat
1407 3171 1519 3228 quod
1541 3186 1566 3213 a
1593 3186 1661 3213 me
1692 3171 1775 3213 sibi
1798 3171 2004 3227 prospicit
2027 3169 2368 3226 supplicandum,

302 3322 348 3358 24
372 3323 458 3357 Luc.
483 3323 547 3365 IX,
572 3324 625 3359 60.
744 3325 786 3359 31
813 3323 926 3359 Eccli.
954 3323 1068 3364 XXII,
1096 3323 1149 3357 13.

304 3404 326 3437 2
351 3404 525 3449 domnum]
548 3404 582 3438 G
674 3407 778 3439 rui-ici
798 3404 832 3440 G
971 3405 993 3438 3
1026 3402 1243 3446 domnoniae]
1264 3401 1308 3445 G,
1332 3404 1509 3436 Duranius
1535 3403 1657 3436 Sidon.
1683 3415 1788 3436 carm.
1815 3402 1940 3444 XXII,
1968 3406 2040 3444 103,
2070 3403 2243 3435 Dornonia
2271 3402 2368 3442 Gress.

167 3463 239 3495 laist.
259 3462 322 3496 Fr.
345 3463 430 3504 VII,
447 3466 500 3497 28.
523 3466 577 3505 32,
601 3464 682 3497 dora
706 3465 843 3498 nomine
867 3477 903 3498 re
930 3464 1086 3497 canisius
1248 3461 1269 3494 ἴ)
1300 3462 1408 3495 uestri
1433 3459 1466 3494 G
1628 3462 1648 3495 7
1673 3462 1885 3505 repensantis
1903 3461 2038 3503 passima
2065 3463 2130 3493 ‘256
2154 3465 2291 3492 emeunle
2319 3457 2370 3490 G:

171 3521 343 3563 obsequiis
370 3522 482 3563 suppl.
507 3521 725 3564 Lat-johann,
755 3523 798 3566 cf.
825 3523 925 3565 infra
954 3521 1015 3563 Il,
1038 3525 1096 3560 50,
1131 3521 1253 3553 litteris
1285 3520 1465 3552 subaudiri
1493 3520 1563 3552 vult
1593 3519 1782 3552 Monmnsen
1946 3518 1988 3550 10
2022 3529 2075 3550 me
2102 3514 2368 3558 recurrentibus]

169 3580 213 3621 (gf.
232 3590 341 3621 supra
359 3579 391 3620 I,
411 3582 430 3611 7
498 3577 687 3622 instruatis]
714 3580 790 3612 finit
814 3580 894 3612 add.
914 3577 947 3612 G
1063 3577 1106 3610 12
1122 3578 1226 3611 rurici
1243 3574 1276 3610 G
1394 3576 1436 3609 13
1454 3577 1559 3609 nantii
1577 3575 1610 3609 G
1728 3575 1770 3609 14
1794 3577 1918 3609 latione
1934 3572 1967 3607 G
2085 3573 2126 3606 19
2151 3574 2322 3606 indebitur
2337 3571 2369 3605 G

168 3636 316 3679 displicit
342 3633 375 3667 G
526 3635 571 3669 20
595 3634 650 3679 ex]
677 3638 707 3669 &
735 3635 768 3670 G
919 3635 964 3669 :24
988 3637 1155 3679 plangant
1180 3654 1222 3657 —
1247 3633 1291 3667 27
1316 3636 1352 3667 111
1377 3633 1515 3678 christo]
1542 3636 1586 3678 cf.
1612 3634 1667 3676 II,
1685 3638 1718 3676 4,
1742 3646 1849 3676 supra
1867 3645 1902 3675 p.
1920 3636 1995 3674 314,
2020 3634 2041 3665 l.
2062 3635 2106 3665 29
2261 3630 2305 3663 26
2329 3631 2369 3663 de

168 3691 391 3735 beatitudine]
413 3694 625 3727 beatitudine
641 3692 674 3727 G
782 3694 827 3727 28
844 3693 989 3737 sinibus]
1007 3692 1052 3735 G,
1067 3694 1193 3726 finibus
1210 3692 1366 3726 canisius
1479 3690 1525 3724 30
1540 3693 1694 3735 planetes
1710 3690 1743 3724 G
1852 3690 1896 3723 33
1913 3690 2062 3723 uiuentis
2079 3687 2112 3722 G
2174 3686 2367 3729 moriamur]

168 3751 244 3787 finit
267 3751 349 3783 add.
369 3749 403 3784 G
542 3750 586 3785 35
610 3752 713 3785 ruriei
737 3749 771 3785 G
864 3752 1077 3787 taurencium
1105 3748 1139 3783 G
1279 3748 1322 3785 37
1348 3750 1466 3784 diuina
1487 3747 1520 3785 G
1614 3750 1671 3782 dat
1695 3749 1785 3795 quod
1809 3747 1842 3793 a]
1868 3747 2067 3789 jsommsen,
2093 3747 2126 3779 id
2150 3747 2240 3791 quod
2268 3744 2300 3779 G

2413 767 2436 804 10

2415 1486 2438 1523 10
