2583 4011
985 212 1124 247 mssa
1155 212 1197 257 v,
1225 214 1266 249 14
1285 212 1340 257 §a
1365 236 1407 241 -
1437 217 1477 250 ιτ
1496 217 1560 258 ,sa
2316 223 2370 263 89

164 326 352 391 optimus
399 333 580 388 quisque
626 331 765 386 possit
811 344 860 370 ac
893 329 1072 372 debeat.
1121 329 1289 383 siquid
1331 332 1519 386 cuipiam
1555 333 1706 373 virium
1748 338 1834 375 est.
1879 336 1977 389 quia
2017 350 2216 378 securim.
2266 336 2365 377 hinc

166 403 319 445 avidus
371 400 646 456 impendere,
699 398 1051 454 quandoquidem
1099 404 1269 438 mortuo
1318 412 1490 454 quoque
1529 400 1790 455 imperatore
1830 402 2101 444 laborantum
2147 405 2368 446 devotioni

166 470 369 527 quicquid
404 468 688 525 spoponderit
719 468 947 523 princeps,
989 480 1162 522 semper
1194 466 1394 508 redhibet
1433 469 1712 524 principatus,
1787 470 1951 510 interea
1995 479 2060 513 tu.
2100 475 2132 514 si
2167 475 2368 515 affectum

165 546 284 582 tuum
318 539 429 580 bene
464 537 636 591 colligo,
671 536 791 576 hisce
824 535 1061 590 compertis
1094 549 1297 587 magnum
1332 536 1540 577 solacium
1575 537 1686 577 inter
1719 538 1898 578 adversa
1935 542 2120 581 maxima
2148 543 2266 597 capis
2290 557 2368 583 nec

114 621 127 641 -··
166 610 356 651 animum
404 612 524 648 tuum
570 619 594 646 a
638 605 809 646 tramite
863 604 1155 645 communium
1204 604 1459 658 gaudiorum
1515 606 1684 646 vicinae
1732 621 1901 661 quoque
1950 609 2186 651 obsidionis
2233 618 2372 652 terror

96 965 128 988 10

165 677 394 719 exorbitat.
457 675 555 716 novi
589 675 702 715 enim
737 673 873 729 probe
907 687 960 714 nc.
994 687 1091 714 meo
1123 672 1296 728 quidem
1337 679 1400 718 tc.
1444 688 1570 728 quem
1605 689 1659 715 ex
1694 675 1790 728 lege
1827 677 2079 732 participas.
2114 680 2174 719 siv
2209 680 2369 720 honore

163 748 390 790 laetatam.
424 745 537 800 quia,
571 744 672 784 licet
705 743 763 783 sis
796 756 906 783 uxor
938 742 1065 783 bona.
1100 756 1221 782 soror
1254 742 1417 798 optima
1449 756 1510 784 es.
1573 757 1658 798 qua
1692 743 1744 784 (lc
1781 758 1824 784 re
1859 746 2046 801 propitio
2080 747 2161 787 deo
2197 749 2368 789 Flu-isto

163 816 392 872 ampliatos
431 813 662 870 prosapiae
703 817 803 853 tuae
847 812 996 853 titulos
1042 826 1124 866 ego
1164 812 1349 853 festinus
1396 813 1646 866 gratatoriis
1693 814 1891 868 apicibus
1939 815 2161 871 inscripsi.
2211 818 2372 872 pariter

164 885 395 927 absolvens
428 881 767 924 sollicitudinem
801 886 933 930 tuam.
966 882 1112 922 fratris
1146 881 1378 936 pudorem:
1413 896 1539 937 quem
1576 882 1633 922 nil
1668 882 1719 922 (le
1754 884 1925 939 propria.
1960 884 2168 939 dignitate
2203 886 2366 926 iudiea-

165 959 323 998 turum,
358 953 393 993 si
416 951 710 994 verecundum
744 950 855 992 forte
889 951 1094 992 nescires.
1129 965 1207 992 nec
1241 951 1303 991 sic
1338 952 1516 1007 impium
1552 951 1782 993 iudicares.
1845 966 1927 1006 ego
1951 967 2053 993 vero
2088 968 2171 994 non
2205 961 2369 995 tantum
2418 960 2436 996 »l

164 1022 408 1078 insignibus
441 1021 619 1065 vestris.
662 1035 772 1075 quae
805 1026 850 1061 tu
883 1020 1094 1062 hactenus
1129 1026 1289 1075 quanto
1335 1021 1537 1064 liberius,
1578 1026 1697 1062 tanto
1731 1022 2012 1076 inpatientius
2046 1024 2372 1078 praestolabare

169 1092 449 1148 (quamquam
493 1090 561 1131 his
604 1104 774 1145 quoque
822 1089 1082 1144 granditer).
1131 1095 1338 1144 quantum
1387 1090 1620 1131 eoncordia
1664 1091 1801 1132 fruor:
1850 1105 1975 1146 quam
2027 1106 2174 1147 parem
2215 1094 2372 1134 nostris

165 1162 342 1216 suisque
375 1160 526 1202 liberis
560 1160 601 1200 in
636 1164 859 1215 posterum
893 1163 1069 1214 exopto,
1104 1160 1212 1200 votis
1248 1159 1289 1199 in
1324 1173 1551 1201 commune
1585 1159 1845 1215 deposcens.
1880 1167 1924 1201 ut
1958 1161 2067 1201 sicut
2101 1175 2178 1201 nos
2212 1167 2372 1202 utram-

165 1245 248 1286 que
281 1230 490 1271 familiam
524 1234 711 1270 nostram
746 1229 1078 1284 praefectoriam
1122 1229 1267 1270 nancti
1310 1229 1441 1270 ctiam
1477 1229 1701 1284 patriciam
1736 1229 1878 1270 (livino
1914 1230 2060 1270 favore
2095 1230 2373 1274 reddidimus,

114 1310 126 1332 ’ν
164 1301 223 1341 ita
253 1300 334 1355 ipsi
357 1313 485 1354 quam
520 1297 761 1354 suscipiunt
792 1297 1018 1352 patriciam
1051 1297 1211 1338 faciant
1243 1298 1531 1340 consularem.
1584 1298 1743 1339 Roscia
1774 1299 1945 1341 salutat.
1981 1313 2080 1339 cura
2113 1300 2368 1341 eommunis:

165 1384 275 1426 quae
306 1370 349 1410 in
379 1369 502 1410 aviae
527 1368 844 1423 amitammque
869 1367 1246 1421 indulgentissimo
1272 1366 1381 1410 sinu.
1422 1366 1534 1421 quod
1559 1381 1654 1408 raro
1678 1367 1909 1423 nepotibus
1941 1369 2155 1423 contingit
2193 1369 2373 1411 alendis.

166 1443 209 1480 ct
241 1453 337 1479 cum
372 1438 605 1479 severitate
639 1437 847 1478 nutritur.
893 1450 977 1491 qua
1018 1440 1162 1477 tamen
1198 1441 1396 1477 tenerum
1431 1450 1515 1477 non
1550 1436 1790 1477 infirmatur
1822 1451 1976 1477 aevum
2011 1437 2086 1477 sed
2121 1438 2376 1479 informatur

163 1507 400 1563 ingenium.
465 1507 577 1548 vale.

1201 1679 1347 1723 XVII.

754 1783 1036 1827 SIDONIUS
1070 1783 1320 1826 ERIPHIO
1354 1784 1468 1827 SUO
1502 1784 1798 1827 SALUTEM.

2417 1303 2440 1338 ἴ)

308 1863 394 1928 Es.
429 1884 582 1940 Eriphi
614 1898 761 1935 meus,
806 1884 901 1940 ipse
935 1884 1007 1939 qui
1041 1898 1216 1940 semper
1247 1899 1569 1940 numquamque
1603 1889 1644 1926 te
1679 1890 1843 1926 tantum
1879 1883 2052 1925 venatio
2087 1882 2239 1924 civitas
2272 1896 2377 1937 ager
2427 1884 2436 1921 1

166 1958 339 2007 avocat,
385 1958 432 1995 ut
463 1967 547 1995 non
580 1953 721 1995 obiter
762 1954 1003 1995 litterarum
1037 1954 1262 2010 voluptate
1302 1959 1501 1999 teneare:
1544 1954 1677 2010 fitquc
1719 1968 1770 1995 eo
1810 1952 1974 1998 studio,
2020 1957 2067 1993 ut
2108 1967 2187 1993 nec
2229 1956 2375 1993 nostra

171 2023 384 2075 fastidias,
419 2023 490 2078 qui
524 2022 615 2075 tibi.
648 2027 696 2064 ut
728 2023 896 2075 scribis,
929 2023 1079 2065 Musas
1113 2024 1294 2066 olemus.
1349 2038 1458 2079 quae
1483 2024 1700 2065 sententiav
1722 2028 1869 2064 tamen
1901 2023 2022 2077 large
2046 2021 2252 2077 probatur
2275 2036 2375 2063 vero

169 2106 332 2145 carere,
365 2106 579 2148 quamque
613 2097 657 2134 et
688 2096 871 2148 apparet
902 2097 976 2134 aut
1006 2107 1061 2135 ex
1100 2093 1194 2134 ioco
1224 2093 1387 2145 venire,
1423 2093 1458 2134 si
1488 2094 1630 2135 laetus
1663 2108 1724 2140 es.
1758 2098 1831 2134 aut
1864 2106 1918 2134 ex
1949 2106 2110 2137 amore,
2153 2092 2187 2132 si
2222 2091 2376 2133 serius.

168 2167 364 2204 ceterum
397 2176 422 2203 a
453 2163 566 2203 iusto
598 2163 729 2217 longe
763 2163 960 2208 resultat.
995 2177 1092 2204 cum
1122 2163 1227 2204 mihi
1259 2163 1458 2218 assignas
1491 2176 1602 2217 quae
1637 2162 1708 2203 vix
1739 2161 1906 2202 Maroni
1942 2159 2048 2217 [vix]
2084 2166 2156 2202 aut
2180 2160 2374 2209 Homero

101 2240 133 2264 25·
175 2236 479 2287 competenter
511 2231 958 2274 accommodarentur.
1020 2232 1129 2274 haec
1162 2233 1460 2288 relinquamus
1493 2231 1645 2287 idque,
1686 2231 1801 2273 unde
1837 2245 1990 2281 causa.
2024 2230 2375 2271 sermocinemur.

164 2300 291 2356 dirigi
325 2300 378 2342 ad
417 2305 460 2343 te
501 2302 718 2358 praecipis
752 2316 925 2353 versus,
968 2315 1076 2357 quos
1109 2302 1189 2343 viri
1227 2302 1507 2358 amplissimi.
1552 2302 1693 2343 soceri
1727 2302 1811 2350 tui,
1852 2300 2056 2355 precibus
2091 2298 2271 2345 indulsi;
2305 2298 2375 2353 qui

165 2369 451 2411 contubernio
500 2370 664 2411 mixtus
712 2372 959 2427 aequalium
1007 2372 1113 2412 vivit
1157 2372 1351 2413 moribus
1400 2371 1453 2412 ad
1501 2371 1737 2412 iubendum
1788 2368 2205 2424 obsequendumque
2257 2368 2375 2408 iuxta

163 2439 340 2495 paratis.
415 2439 491 2481 sed
525 2440 625 2495 quia
670 2441 781 2483 scire
823 2441 1048 2483 desideras
1089 2446 1133 2483 et
1165 2442 1306 2483 locum
1351 2445 1393 2482 et
1426 2455 1622 2490 causam.
1672 2454 1756 2496 quo
1803 2439 1974 2480 facilius
2022 2437 2253 2492 intellegas
2289 2452 2375 2478 rem

165 2508 465 2564 perexiguam,
497 2509 577 2550 tibi
596 2509 743 2565 potius
767 2511 871 2551 vitio
896 2515 1029 2563 verte,
1066 2510 1179 2566 quod
1212 2510 1437 2566 loquacior
1469 2510 1551 2552 erit
1584 2523 1717 2565 opere
1741 2507 1968 2565 praefatio.
2031 2520 2374 2548 conveneramus

304 2705 320 2738 1
340 2707 398 2750 qui
412 2717 500 2740 corr.
516 2707 553 2739 in
565 2707 646 2750 quia
662 2706 700 2739 F
705 2707 716 2726 ²
789 2717 930 2740 securus
940 2706 1120 2748 LJIOFP,
1136 2713 1359 2740 assecuturus
1380 2706 1411 2738 T
1521 2704 1542 2738 2
1560 2683 1705 2748 (ἴηᾶθιιι
1717 2704 1754 2736 F
1820 2703 2047 2736 laborantium
2061 2701 2098 2734 F
2163 2700 2339 2733 devocioni
2354 2699 2382 2728 (¹

163 2784 184 2819 3
208 2787 450 2830 sponponderit
474 2785 598 2829 (prior.
623 2799 646 2820 n
671 2798 759 2821 era-9.
785 2786 827 2819 M
834 2788 862 2829 ²)
889 2787 931 2818 M
996 2788 1154 2831 princebs
1182 2787 1211 2821 G
1278 2798 1410 2831 semper
1435 2799 1498 2820 om.
1524 2787 1554 2818 T
1622 2786 1752 2819 redibet
1772 2785 1801 2817 C
1867 2785 1992 2817 interea
2019 2781 2074 2825 (ea
2099 2783 2133 2813 ἱη
2158 2793 2228 2814 ras.
2247 2781 2287 2812 M
2299 2781 2324 2822 ¹)
2339 2780 2381 2812 M

162 2865 186 2899 4
209 2867 369 2900 solatium
396 2867 574 2901 LJITFP
664 2868 738 2912 capi
753 2879 830 2900 εῖτ-ἵε
855 2866 907 2910 (ut
931 2880 960 2901 υ.
985 2869 1010 2901 ti
1034 2879 1123 2901 eras.
1152 2868 1216 2910 0²)
1247 2868 1274 2899 (J
1424 2867 1446 2900 ἴ)
1470 2868 1743 2901 communiorum
1770 2865 1822 2902 (or
1848 2865 1981 2897 induxit
2008 2864 2069 2905 (1¹)
2099 2863 2128 2895 C
2277 2861 2298 2894 6
2323 2873 2378 2894 cx-

163 2948 312 2981 horbitat
335 2948 373 2980 F
439 2954 472 2982 te
496 2954 533 2981 ut
555 2961 586 2982 v.
611 2949 694 2981 add.
722 2948 787 2980 JI²
912 2946 931 2980 7
955 2954 1031 2991 post
1055 2960 1150 2982 soror
1175 2949 1237 2991 leq.
1263 2958 1399 2991 quoque
1425 2948 1460 2980 ἱη
1487 2947 1516 2980 C
1583 2948 1709 2981 obtima
1736 2946 1777 2977 M
1846 2945 1996 2989 propicio
2022 2943 2094 2976 MC
2169 2943 2230 2975 deo
2256 2953 2319 2975 om.
2343 2941 2380 2982 T,

155 3028 245 3070 fort.
269 3033 356 3061 recte
494 3027 516 3061 8
541 3029 663 3062 festine
689 3027 746 3071 (ne
771 3040 860 3062 corr.
885 3029 922 3061 z'n
946 3023 980 3061 n'
1005 3028 1045 3061 M
1059 3028 1086 3072 ¹)
1102 3028 1146 3060 M
1271 3028 1311 3060 11
1339 3028 1573 3072 impatientius
1586 3027 1628 3060 M
1634 3026 1736 3068 TFP,
1761 3026 1989 3069 impaventius
2005 3025 2034 3057 (1
2102 3024 2327 3068 prestolabere
2343 3022 2378 3063 (J,

165 3108 417 3151 praestulabere
431 3107 462 3140 L
580 3107 624 3140 12
641 3120 838 3152 quanquam
852 3108 965 3142 LMF
1032 3110 1126 3142 fruor
1143 3120 1233 3142 corr.
1251 3120 1292 3142 esc
1309 3110 1403 3142 furor
1417 3108 1454 3141 F
1462 3109 1473 3128 ¹
1592 3107 1636 3141 13
1653 3109 1732 3141 totis
1746 3107 1787 3150 L,
1803 3108 1893 3151 fort.
1906 3112 1993 3140 recte
2111 3104 2154 3137 14
2179 3105 2270 3137 nacti
2290 3103 2384 3136 TOF

164 3189 378 3231 pat1·ici*am
403 3187 524 3231 (unam
549 3189 611 3222 litt.
636 3200 724 3222 eras.
752 3189 793 3221 Μ
804 3189 828 3231 ¹)
854 3189 914 3231 M,
937 3190 1109 3233 patritiam
1135 3187 1187 3230 L,
1220 3155 1376 3233 patritiam
1392 3188 1429 3221 F
1436 3188 1447 3208 ¹
1524 3189 1695 3222 reddimus
1715 3188 1753 3220 F
1849 3185 1892 3218 15
1917 3186 2082 3229 patritiam
2101 3184 2138 3217 F
2204 3184 2332 3217 faciunt
2347 3183 2383 3215 F

158 3273 240 3311 post
262 3270 371 3302 roscia
395 3269 458 3312 leq.
483 3275 516 3302 te
538 3269 575 3302 z'n
605 3269 650 3311 T,
687 3271 708 3301 2
732 3269 792 3304 litt.
818 3281 908 3303 eras.
933 3270 967 3303 P
976 3271 986 3289 ¹
1083 3270 1178 3322 curia
1203 3269 1255 3302 F¹
1398 3268 1440 3302 16
1465 3270 1634 3313 contingit
1657 3269 1838 3312 nepotibus
1870 3267 1901 3298 T
1996 3266 2125 3300 alendis
2151 3265 2379 3305 Wilumowitz,

164 3349 285 3382 alienis
309 3349 482 3392 LOTFP,
518 3350 565 3383 ali
579 3364 622 3382 -r--x-
634 3351 664 3383 is
700 3350 736 3393 (2
764 3350 824 3385 litt.
858 3362 948 3384 eras.
973 3351 1017 3383 M
1026 3350 1050 3392 ¹)
1079 3350 1125 3382 M
1310 3347 1350 3381 17
1386 3354 1499 3382 tamen
1537 3354 1692 3382 tenerum
1728 3353 1867 3390 praeter
1903 3352 1960 3379 teu
1980 3372 1986 3379 .
2006 3371 2012 3379 .
2036 3372 2043 3379 .
2066 3357 2123 3379 um
2161 3347 2194 3378 in
2231 3357 2301 3377 ras.
2329 3344 2377 3376 P¹

166 3427 210 3462 18
233 3418 315 3463 valf
318 3430 356 3462 F
415 3436 495 3473 post
511 3431 587 3464 vale
604 3442 662 3464 seo:
676 3442 794 3464 versus
808 3443 880 3464 vac.
894 3431 931 3463 -ἰη
948 3430 977 3463 C'
1090 3429 1136 3464 20
1155 3443 1174 3464 0
1190 3431 1299 3474 eriphi
1311 3429 1356 3471 F,
1373 3430 1500 3473 eriphis
1518 3428 1548 3471 (s
1565 3441 1652 3463 era-3.
1669 3430 1711 3461 M
1720 3430 1747 3472 ¹)
1761 3430 1803 3462 M
1871 3439 2116 3472 nunquamque
2128 3426 2210 3469 LM,
2227 3429 2377 3468 nuquam

166 3509 244 3553 (om.
258 3511 338 3554 que)
352 3511 391 3543 F
456 3517 489 3545 te
505 3523 531 3544 s.
546 3512 567 3544 l.
585 3505 667 3545 add.
684 3511 716 3544 Ρ
723 3512 732 3530 ¹
806 3523 912 3556 agger
927 3512 956 3545 Ο
1068 3510 1112 3544 21
1131 3512 1253 3565 obliter
1267 3511 1304 3543 F
1311 3511 1321 3530 ¹
1440 3509 1486 3544 22
1502 3511 1604 3554 longe
1623 3510 1656 3542 T
1767 3509 1811 3544 23
1828 3521 1978 3553 namque
1993 3508 2124 3551 scripsi,
2149 3518 2317 3550 quamque
2333 3503 2378 3545 L,

165 3593 274 3634 quz‘lq3
291 3591 332 3633 P,
355 3603 562 3636 quamquam
586 3591 652 3634 TO,
674 3604 869 3635 quanquam
887 3592 977 3630 MF:
990 3574 1146 3635 *namque
1163 3604 1221 3636 eqo
1293 3597 1326 3625 et
1343 3592 1409 3626 del.
1430 3591 1656 3625 ll'ilamovrita
1727 3591 1943 3624 ioconvenire
1962 3589 2088 3632 (prior.
2108 3600 2130 3620 11
2148 3599 2235 3620 eras.
2254 3584 2324 3627 L2)
2343 3583 2377 3618 L

165 3670 211 3704 24
235 3672 338 3704 michi
358 3672 387 3704 O
461 3664 612 3715 ass-ignat
635 3672 672 3714 T,
689 3674 779 3716 fort.
795 3679 883 3706 recte
907 3674 965 3705 vix
990 3673 1112 3706 seclusi
1232 3671 1278 3705 25
1302 3673 1604 3706 accomodarentur
1620 3671 1714 3705 LC'P
1782 3672 1846 3704 hoc
1865 3671 1894 3703 C
1953 3675 2032 3712 post
2056 3679 2157 3701 causa
2183 3668 2244 3709 leq.
2263 3668 2281 3698 ἓ
2299 3666 2333 3698 in
2348 3665 2381 3697 P

165 3751 210 3786 27
236 3753 493 3796 obsequendum
517 3751 596 3796 (om.
622 3752 703 3796 que)
729 3753 758 3786 (¹
894 3752 938 3786 28
963 3754 1134 3797 intelligas
1160 3753 1268 3786 JIOF
1401 3751 1446 3785 29
1470 3753 1559 3786 vicio
1588 3752 1617 3785 ζ’·
1706 3751 1873 3794 loquatior
1899 3749 1968 3782 LF
2056 3747 2224 3791 praefacio
2249 3745 2313 3778 LO

306 3834 477 3867 sinemus.
2060 3828 2101 3861 12

2422 2510 2444 2527 ⁴)

2423 2528 2445 2546 ν)
