2583 4011
43 324 84 369 G

123 323 146 360 'Q

123 1331 145 1368 Ν)

191 208 269 246 274
868 199 1032 233 r.xns‘1*1
1063 198 1377 239 AhloRUirmuss
1409 196 1680 232 Errs'rnmn.

191 320 336 360 dolore
371 318 592 372 participo.
655 317 712 355 sic
748 316 804 355 ita
840 314 1045 355 concedat
1077 313 1476 359 divina.miseratio,
1509 316 1554 353 111
1576 312 1678 352 mihi
1703 311 1954 366 permultos
1978 325 2111 351 annos
2136 310 2360 351 exterioris

192 387 318 426 vestri
352 386 538 439 vigorem
574 394 615 425 et
647 384 908 424 alacritatem
949 383 1140 437 integrae
1182 382 1378 422 sanitatis
1418 381 1658 435 indulgeat.
1701 379 1799 434 quia
1837 393 1936 420 vere
1976 384 2075 420 tunc
2117 382 2362 435 reparatum

194 470 284 497 csse
318 468 385 496 1110
420 454 571 497 sentio,
607 454 639 494 si
672 452 724 494 dc
759 453 966 508 sospitate
1001 456 1144 494 vestra
1177 451 1358 493 celerius
1393 455 1537 507 optata
1573 463 1828 504 cognovero.

1228 646 1328 686 XII.

405 751 638 792 DOMINO
686 749 928 792 sixNv'm,
972 747 1374 788 MERITISSIMO.
1420 747 1478 786 IN
1522 746 1762 787 CHRISTI
1808 745 2149 786 LUMINARIA

230 819 669 862 Pul-:FERICNDO
711 818 783 858 ET
823 815 1138 858 PLURIMUM
1177 815 1239 855 IN
1281 814 1539 855 OHRISTO
1579 814 2023 863 DESIDERANDO,
2066 813 2325 855 PHSSIMO

494 886 726 927 DOMINO
760 884 1006 926 RURICIO
1040 883 1327 925 EPISCOPO
1363 882 1695 924 CAESARIUS
1728 883 2066 924 EPISCOPUS.

328 967 439 1027 Dru
474 985 650 1025 nimium
684 982 962 1024 tribularetur
993 981 1157 1021 animus
1191 995 1327 1029 1110115,
1361 995 1490 1035 quare
1525 980 1577 1020 ad
1611 980 1818 1035 synodum
1852 985 2041 1021 vestram
2074 980 2366 1036 praesentiam

189 1069 272 1095 non
306 1055 536 1095 meruimus
571 1053 781 1095 obtinere,
829 1055 1002 1091 sauctus
1041 1054 1083 1091 01
1124 1050 1321 1090 dominus
1354 1064 1472 1090 meus
1504 1049 1644 1090 Verus
1677 1051 1904 1104 episcopus
1937 1049 2040 1089 mihi
2072 1048 2272 1103 dignatus
2305 1052 2369 1096 est

189 1123 351 1164 dicere.
395 1123 506 1177 quod
549 1137 624 1177 per
663 1135 785 1161 suum
829 1119 1054 1160 diaconum
1091 1118 1193 1159 mihi
1225 1118 1368 1172 Agate
1408 1123 1572 1159 vestras
1613 1119 1779 1159 litteras
1820 1118 2099 1169 destinasset,
2143 1131 2248 1172 quas
2280 1131 2359 1172 ego

191 1192 334 1232 nescio
369 1205 448 1245 quo
482 1205 583 1231 casu
615 1194 689 1230 aut
721 1204 800 1244 qua
846 1187 1123 1242 neglegentia
1164 1201 1231 1228 me
1270 1201 1353 1227 non
1394 1187 1557 1228 retineo
1599 1187 1856 1242 suscepisse.
1917 1186 1992 1227 sed
2033 1190 2179 1227 tamen
2218 1189 2366 1228 sancto

192 1267 232 1301 ct
265 1260 435 1301 domino
470 1274 564 1300 meo
597 1259 719 1300 fratri
751 1262 896 1298 vestro
930 1257 1167 1297 certissime
1201 1256 1325 1296 credo
1359 1260 1400 1296 et
1432 1256 1543 1296 malo
1576 1256 1655 1297 hoc
1695 1255 1910 1311 portitoris
1951 1255 2254 1310 neglegentiae
2286 1254 2364 1295 im-

190 1339 355 1384 putare.
419 1328 493 1370 sed
526 1329 629 1369 licet
663 1331 832 1367 sanctos
866 1330 908 1366 et
948 1325 1260 1366 desiderabiles
1299 1328 1462 1365 vestros
1503 1324 1648 1379 apices
1691 1324 1916 1374 miseritis,
1957 1329 2101 1364 tamen
2139 1324 2247 1364 sicut
2284 1323 2367 1378 ipsi

191 1398 349 1453 optime
390 1398 545 1440 nostis.
589 1397 886 1451 dignissimum
923 1395 1082 1441 fuerat,
1126 1397 1172 1434 ut
1210 1407 1437 1448 personam
1469 1392 1736 1447 dirigeretis,
1781 1407 1888 1447 quae
1922 1392 1973 1434 ad
2007 1393 2144 1433 vicem
2176 1395 2364 1433 vestram

192 1466 485 1507 subscriberet
517 1470 559 1505 et
591 1465 702 1519 quod
736 1465 872 1505 sancti
905 1464 1056 1504 fratres
1089 1463 1219 1504 vestri
1253 1466 1496 1503 statuerunt
1529 1462 1571 1502 in
1603 1476 1787 1517 persona
1809 1466 1952 1503 vestra
1974 1462 2227 1502 firmaretur.
2288 1460 2365 1501 sed

192 1535 288 1590 quia
332 1535 447 1575 novi.
496 1548 620 1589 quain
664 1538 809 1573 sancto
849 1540 892 1573 et
930 1532 1144 1587 frequenti
1183 1546 1231 1572 ac
1277 1532 1346 1586 pio
1385 1531 1597 1572 desiderio
1638 1531 1847 1572 interesse
1887 1530 2128 1581 volueritis,
2176 1529 2368 1571 omnibus

191 1603 394 1644 fratribus
437 1603 589 1643 vestris
638 1607 781 1642 votum
823 1606 1010 1641 vestrum
1056 1605 1097 1641 et
1145 1604 1336 1640 sanctam
1374 1600 1640 1640 voluntatem
1687 1600 1891 1654 exposui,
1941 1613 2016 1654 pro
2058 1613 2140 1653 qua
2178 1613 2223 1640 re
2260 1598 2369 1638 nihil

192 1672 343 1726 pietati
376 1678 545 1711 vestrae
579 1671 646 1711 vel
678 1671 895 1726 potuimus
929 1671 997 1710 vel
1030 1669 1257 1710 debuimus
1290 1670 1515 1723 imputare.
1580 1668 1654 1709 sed
1686 1669 1787 1708 11001
1819 1667 2149 1708 desiderabilem
2182 1670 2368 1708 vestram

192 1740 479 1794 praesentiam
512 1754 595 1780 non
628 1739 925 1789 habuerimus,
967 1738 1209 1779 orationum
1241 1741 1383 1777 tamen
1417 1741 1655 1777 vestrarum
1689 1737 1891 1791 suffragia
1924 1750 1999 1775 nos
2032 1735 2238 1776 meruisse
2270 1748 2368 1790 per-

194 1808 416 1849 sensimus.
481 1812 522 1849 et
559 1808 653 1849 ideo
692 1808 759 1848 his
801 1807 910 1848 datis
950 1807 1086 1847 saluto
1127 1807 1355 1862 plurimum
1398 1806 1555 1846 affectu
1595 1809 1638 1846 et
1678 1805 1838 1845 honore
1882 1819 1964 1859 quo
2002 1804 2178 1859 dignum
2218 1805 2284 1844 est
2325 1806 2368 1843 et
2407 1809 2422 1834 2

193 1891 314 1932 rogo,
361 1882 407 1917 ut
451 1891 517 1917 me
565 1877 723 1917 sanctis
757 1881 799 1916 et
837 1875 1086 1916 inlustribus
1133 1875 1334 1930 precibus
1378 1874 1503 1915 simul
1543 1889 1592 1915 ac
1631 1874 1794 1915 meritis
1835 1873 2003 1914 domino
2043 1871 2363 1914 commendetis.

197 1946 405 1999 simulque
438 1945 578 1985 indico
613 1945 763 2000 pietati
795 1948 979 1995 vestrae,
1012 1949 1072 1995 111,
1106 1944 1206 1998 quia
1237 1943 1349 1984 filius
1372 1948 1516 1984 vester
1537 1942 1790 1993 Eudomius,
1825 1943 1860 1982 si
1891 1942 2079 1997 potuerit
2111 1941 2189 1982 hoc
2223 1940 2369 1981 elabo—

195 2028 310 2055 rare.
352 2013 585 2057 desiderat,
632 2018 674 2053 01
713 2013 1045 2068 superveniente
1079 2027 1189 2053 anno
1222 2012 1408 2053 Tolosae
1449 2011 1657 2066 synodum
1692 2011 1863 2052 Christo
1895 2010 2081 2066 propitio
2119 2009 2370 2060 habeamus,

194 2083 267 2123 ubi
291 2083 433 2123 etiam.
468 2082 501 2121 si
525 2082 724 2136 potuerit,
757 2082 978 2137 Hispanos
1001 2082 1092 2121 vult
1115 2081 1343 2136 episcopos
1369 2080 1612 2121 convenire.
1667 2083 1709 2120 et
1730 2079 1827 2120 ideo
1860 2083 1993 2129 orate,
2026 2081 2072 2118 ut
2102 2082 2190 2118 tarn
2223 2080 2371 2118 sancto

197 2150 412 2191 desiderio
456 2164 530 2190 suo
579 2149 774 2190 dominus
817 2150 1002 2191 tribuere
1043 2150 1291 2204 dignaretur
1330 2150 1545 2191 effectum.
1615 2152 1809 2189 sanctum
1847 2161 1946 2188 vero
1990 2151 2033 2187 et
2073 2146 2367 2187 dulcissimum

195 2220 368 2260 fratrem
411 2233 550 2259 meum
591 2218 851 2273 Capillutum
899 2218 1200 2274 presbyterum
1242 2223 1478 2259 amatorem
1518 2222 1561 2259 et
1597 2217 1941 2273 praedicatorem
1982 2218 2169 2256 vestrum
2200 2218 2370 2255 vestrae

199 2288 506 2328 sanctimoniae
541 2293 699 2342 quanta
730 2289 851 2328 valeo
884 2288 1171 2329 insinuatione
1205 2288 1454 2329 commendo
1489 2292 1531 2329 et
1562 2302 1637 2343 pro
1671 2288 1763 2342 ipso
1785 2287 1907 2328 vobis
1929 2286 2128 2340 ingentes
2153 2288 2195 2326 et
2216 2284 2373 2326 uberes

200 2357 357 2412 gratias
382 2370 476 2411 ago.
510 2356 622 2411 quia,
655 2360 858 2410 quantum
881 2357 973 2412 ipse
997 2358 1194 2409 asseruit,
1226 2361 1392 2398 tantum
1416 2371 1461 2398 se
1494 2357 1608 2398 circa
1639 2356 1759 2396 illum
1791 2354 2000 2409 impendit
2030 2354 2102 2409 pia
2133 2357 2175 2394 et
2208 2353 2374 2394 sincera

196 2425 501 2467 benevolentia
531 2429 692 2475 vestra,
732 2430 779 2465 ut
816 2425 894 2465 hoc
932 2427 1073 2466 nullus
1111 2427 1330 2467 hominum
1371 2427 1508 2482 possit
1541 2438 1773 2481 exponere.
1841 2437 1954 2464 nunc
1996 2437 2117 2478 ergo,
2160 2423 2258 2477 quia
2297 2435 2374 2477 pro

199 2500 340 2535 vestro
375 2493 588 2534 desiderio
627 2498 827 2534 aestuans
869 2494 1073 2549 pietatem
1105 2499 1293 2535 vestram
1334 2495 1536 2550 expetiit,
1577 2494 1752 2548 dignum
1790 2492 1994 2542 iudicavi,
2032 2495 2078 2532 ut
2116 2504 2193 2546 per
2229 2490 2369 2544 ipsum

200 2562 451 2603 humilitatis
485 2576 607 2603 meae
640 2563 807 2603 litteras
840 2561 1113 2613 destinarem,
1147 2577 1227 2617 quo
1250 2567 1486 2612 remeante,
1520 2563 1554 2603 si
1578 2561 1774 2603 Christus
1799 2560 2008 2611 adnuerit,
2041 2560 2184 2615 apices
2206 2561 2373 2599 vestros

200 2631 320 2686 quasi
354 2631 542 2672 caeleste
577 2645 730 2671 munus
764 2630 963 2671 desidero
996 2632 1242 2686 promereri.
1304 2646 1378 2671 ora
1409 2645 1484 2686 pro
1515 2645 1594 2672 me.

1230 2823 1355 2866 XIII.

540 2928 772 2969 DOMINO
806 2927 1036 2969 SANCTO
1069 2927 1145 2968 AO
1177 2927 1537 2969 BEATISSIMO
1572 2927 1646 2968 ET
1679 2906 2061 2968 APOSTOLICA

240 2997 627 3039 REVERENTIA
661 2995 1053 3038 SL'SPICIENDO
1086 2995 1320 3037 DOMINO
1352 2996 1426 3036 ΕΤ
1459 2995 1737 3036 PATRONO
1770 2992 2016 3035 RURICIO
2049 2989 2337 3034 EPISCOPO

973 3064 1244 3106 SEDATUS
1276 3064 1615 3106 EPISCOPUS.

345 3143 503 3211 Eorrn
538 3177 662 3217 quem
694 3176 770 3217 per
799 3164 976 3204 fratrem
1014 3166 1207 3203 nostrum
1249 3163 1549 3217 presbyterum
1588 3161 1888 3203 transmisistis
1928 3160 2094 3215 accepi,
2136 3157 2376 3212 magnificis

207 3232 431 3273 verborum
455 3237 692 3271 vestrorum
724 3231 912 3286 phaleris
944 3231 1215 3283 honoratum,
1247 3231 1290 3271 in
1312 3231 1381 3272 via
1403 3231 1545 3281 vilem,
1578 3231 1621 3271 in
1643 3230 1828 3285 epistula
1848 3229 2099 3284 pretiosum,
2132 3229 2376 3267 moventem

342 3368 363 3401 4
388 3367 465 3410 XII]
493 3369 524 3400 Ιι.
548 3370 568 3400 l.
593 3370 753 3411 epistulae
780 3369 902 3400 κάῑιείί
933 3380 987 3400 vir.
1011 3368 1083 3399 ΧΧ
1103 3374 1132 3401 et
1158 3368 1231 3399 XV
1250 3369 1394 3401 insertae
1426 3374 1503 3400 szmt
1529 3369 1574 3400 G.-
1611 3367 1769 3400 Caesario
1796 3365 1954 3397 Ruricius
1980 3376 2030 3407 ep.
2056 3364 2115 3404 II,
2139 3366 2180 3397 33
2207 3362 2379 3405 respondit

208 3425 226 3458 ’ἲ
253 3428 372 3459 domno
395 3427 423 3458 G
508 3427 654 3458 cesarius
676 3426 703 3458 G
842 3424 861 3457 9
887 3426 1030 3458 domnus
1051 3428 1078 3457 G
1164 3437 1266 3457 uerus
1291 3422 1481 3467 episcopus]
1512 3424 1714 3456 Turonensis
1736 3423 1805 3455 scil.
1946 3421 1988 3455 10
2011 3418 2202 3462 diaconum]
2223 3419 2380 3460 Leonem,

207 3485 249 3526 cf.
278 3484 376 3517 Cone.
405 3484 495 3515 Gall.
521 3483 570 3515 ed.
598 3482 749 3514 Μαανὶη.
776 3482 812 3521 I,
838 3493 872 3523 p.
895 3484 952 3514 798
1103 3482 1145 3514 12
1170 3483 1290 3515 domno
1318 3482 1346 3513 G
1451 3482 1551 3514 mallo
1579 3483 1607 3513 G
1757 3479 1802 3512 1ἴ1
1831 3481 1942 3512 fratris
1971 3480 2000 3511 G
2145 3477 2191 3510 20
2214 3474 2310 3517 datis]
2340 3475 2380 3516 G,

209 3541 304 3573 dictis
333 3541 487 3572 canisius
623 3537 667 3570 22
691 3537 744 3580 ut]
771 3545 802 3570 et
830 3538 858 3569 G
996 3537 1038 3570 “23
1064 3537 1108 3581 et]
1134 3544 1172 3571 ut
1196 3538 1225 3570 G
1316 3538 1446 3570 tholosa
1474 3538 1503 3569 G
1640 3535 1684 3569 24
1715 3537 1876 3579 hispanus
1905 3536 1966 3576 G¹,
1995 3548 2082 3568 corr.
2112 3535 2161 3567 (1¹¹
2254 3535 2322 3567 taffi
2351 3533 2380 3565 G

209 3596 252 3629 25
277 3598 434 3629 affectum
456 3597 484 3628 G
599 3594 644 3629 30
662 3596 789 3638 expetit
805 3595 890 3627 coni.
904 3594 1091 3627 Mommsen
1206 3594 1250 3627 32
1268 3595 1430 3627 desiderio
1451 3594 1480 3626 G
1594 3593 1637 3626 33
1662 3592 1756 3635 XIII]
1783 3593 1829 3625 ad
1846 3592 2009 3625 Sedatzim
2026 3592 2184 3624 Ruricius
2201 3603 2250 3634 ep.
2270 3591 2323 3633 II,
2340 3592 2381 3624 35

209 3665 282 3685 cum
307 3654 439 3685 caballo
464 3654 599 3686 miserat
736 3651 780 3684 35
809 3650 1034 3693 suspICiendo]
1069 3653 1203 3695 scripsi,
1233 3651 1446 3694 suscipiendo
1475 3652 1504 3684 G
1595 3652 1716 3684 (1010110
1746 3651 1775 3682 G
1866 3647 2018 3693 patrono]
2053 3649 2186 3692 scripsi,
2218 3659 2323 3692 papae
2351 3647 2380 3680 G

211 3709 252 3742 ὃῖ
279 3721 421 3752 aequum
451 3709 479 3741 G
617 3708 661 3742 38
687 3709 796 3741 faleris
822 3709 1020 3741 honeratmn
1049 3710 1077 3740 G

2402 1125 2433 1149 10

2406 1470 2437 1493 15

2408 2154 2440 2179 25

2410 2497 2443 2521 30

2413 2998 2444 3023 35
