2583 4011
90 1115 122 1138 10

93 1461 125 1486 15

96 2709 130 2734 30

944 208 1085 247 LIBER
1113 210 1157 253 11,
1190 210 1240 246 VI
1266 211 1285 256 ξ
1312 211 1328 246 1
1358 231 1398 235 -
1427 210 1474 247 lx
1503 212 1522 256 ξ
1548 211 1579 247 3.
2275 211 2355 255 317

1197 407 1322 451 VIII.

367 515 606 560 DOMINO
641 514 875 557 SANCTO
908 514 985 556 ET
1017 513 1394 556 APOSTOLICO
1428 512 1505 553 Ac
1539 512 1675 554 MIHI
1710 511 1866 553 PRAF,
1901 512 2154 555 (surmus

193 588 256 630 IN
290 586 551 629 CHRISTO
584 584 823 626 DOMINO
857 583 1054 625 CULTU
1087 581 1490 629 AFFJQUTIJQUIQ
1524 581 1928 622 I'EUULIARH‘S
1967 583 2326 623 lexemilcxno

468 654 750 696 PATRONO
783 653 859 694 ET
891 652 1088 694 PAPAE
1122 651 1348 693 AEONIO
1383 650 1670 692 ltsltwlt's
1705 650 2047 693 EPISUOI'US.

296 733 602 805 Qromxsoua
635 753 894 808 quicumque
930 756 1103 793 sanctos
1137 756 1211 792 aut
1253 750 1516 806 apostolicos
1548 751 1676 795 viros,
1719 764 1822 805 quos
1859 750 2179 790 misericordiae
2217 765 2362 806 opera.

159 839 335 881 operum
376 823 550 873 merita,
594 823 845 864 meritorum
879 822 968 862 vita
1010 820 1282 862 commendat
1326 824 1454 875 atquc
1487 820 1677 860 omnium
1710 820 1915 860 virtutum
1950 819 2065 859 fama
2097 818 2362 862 disseminat,

159 907 463 936 aerumnarum
496 892 610 934 mole
644 891 838 947 depressi
870 896 1082 945 coguntur
1104 895 1329 945 expetere.
1363 888 1464 929 dum
1487 889 1729 930 litterarum
1755 889 1964 929 solat-ium
1990 894 2204 943 quaerunt
2228 887 2363 928 labori

159 978 252 1015 suo,
284 962 546 1004 beneficium
581 961 809 1003 conferunt
841 960 1057 1002 desiderio
1091 965 1251 1002 nostro.
1315 964 1358 1000 et
1390 974 1485 1000 cum
1520 959 1575 1000 sit
1608 959 1779 999 illorum
1813 958 1935 998 labor
1966 962 2116 998 noster
2147 956 2280 998 dolor.
2320 958 2365 996 fit

159 1039 306 1075 tamen
339 1046 417 1088 per
448 1031 576 1073 officii
611 1031 887 1072 collationem
921 1044 1069 1071 eorum
1103 1030 1345 1071 necessitas
1379 1028 1565 1084 quodam
1594 1028 1721 1069 modo
1756 1028 1910 1068 caritas
1943 1032 2101 1068 nostra.
2136 1042 2233 1081 qua,
2265 1026 2364 1066 dum

158 1104 350 1160 ipsorum
388 1100 710 1156 adquiescimus
750 1101 966 1156 petitioni,
1008 1105 1180 1141 nostrae
1224 1099 1517 1140 satisfacimus
1559 1098 1789 1141 voluntati.
1832 1097 1965 1138 etita
1997 1098 2062 1141 fit.
2103 1101 2151 1137 ut
2193 1101 2366 1149 egestas

159 1172 351 1230 petentis
385 1171 441 1212 sit
473 1170 701 1225 largientis
734 1170 914 1211 utilitas.
969 1170 1091 1210 fratri
1120 1169 1264 1224 itaque
1294 1173 1337 1209 et
1361 1167 1715 1223 compresbytero
1738 1171 1886 1207 nostro
1910 1166 2156 1207 Possessori
2182 1165 2366 1209 nomino,

160 1241 275 1298 quod
306 1241 430 1298 peius
464 1245 543 1291 est,
576 1240 719 1296 potius
753 1254 880 1295 quam
913 1239 1136 1289 facultate,
1170 1238 1289 1293 (quia
1321 1237 1435 1292 quod
1467 1237 1622 1278 habuit
1654 1252 1730 1292 pro
1767 1237 1908 1277 fratris
1942 1236 2238 1291 redemptione
2271 1249 2368 1290 pro-

160 1311 290 1363 fudit,
330 1312 470 1352 factus
513 1314 579 1351 est
618 1324 851 1365 possessor
888 1308 1099 1364 paradisi,
1145 1308 1244 1349 dum
1278 1307 1556 1363 proprietatis
1591 1307 1755 1348 saeculi
1788 1306 1947 1347 desinit
1979 1320 2075 1346 csse
2108 1303 2369 1361 possessor).

159 1381 212 1424 ad
239 1381 533 1436 apostolatum
556 1384 746 1421 vestrum
780 1377 1164 1420 commendaticias
1188 1376 1427 1433 postulanti
1458 1376 1648 1417 libenter
1681 1375 1854 1416 indulsi.
1909 1375 2030 1416 cuius
2062 1374 2368 1416 necessitatem

164 1452 200 1492 si
233 1450 435 1506 dignatur
465 1449 638 1505 plenius
671 1449 878 1494 sanctitas
902 1453 1049 1489 vestra
1082 1461 1364 1502 cognoscere,
1399 1445 1647 1501 epistulam,
1681 1459 1808 1500 quam
1843 1444 1897 1485 ad
1921 1444 2206 1485 humilitatem
2231 1456 2370 1483 meam

161 1520 295 1561 frater
334 1524 483 1561 noster
515 1518 748 1560 Eumerius
791 1518 1022 1573 episcopus
1064 1531 1144 1572 per
1184 1516 1324 1571 ipsum
1365 1515 1545 1567 direxit,
1590 1515 1697 1555 tanti
1739 1514 1901 1555 habeat
1943 1527 2170 1555 recensere
2211 1517 2255 1553 et
2287 1512 2372 1552 illic

161 1594 388 1646 agnoscet,
432 1589 620 1644 qualiter
660 1587 744 1643 ipsi
784 1587 943 1628 debeat
985 1590 1028 1627 et
1068 1600 1145 1641 pro
1187 1583 1500 1625 consuetudine
1542 1584 1772 1625 consulere
1811 1588 1854 1624 ct
1893 1598 1969 1638 pro
2012 1583 2191 1623 caritate
2225 1587 2374 1622 mutua

161 1660 406 1701 condolere.
469 1659 540 1714 qui
573 1662 620 1699 ut
652 1657 829 1698 fratrem
863 1656 916 1698 ab
961 1655 1158 1696 hostibus
1198 1655 1401 1696 redderet
1444 1654 1649 1705 liberum,
1697 1668 1743 1695 se
1785 1653 2045 1694 creditorum
2088 1652 2238 1693 maluit
2277 1666 2373 1692 csse

163 1730 381 1785 captivum
415 1734 477 1776 et,
515 1732 562 1769 ut
595 1728 668 1769 ille
702 1726 1004 1768 crudelissima
1036 1731 1175 1766 morte
1217 1739 1302 1765 non
1343 1725 1587 1780 privaretur
1618 1724 1727 1775 vita,
1768 1723 1859 1779 ipse
1899 1722 2084 1763 extorris
2126 1727 2194 1762 cst
2235 1721 2373 1762 factus

166 1800 2145 1854 epatria.**2***2*2*‡*****‡*1.2****ss‡***‡*,ss*12*‚i
2179 1817 2374 1831 ‚‚‚‚‚

1228 2004 1308 2048 IX.

181 2108 2352 2131 **************************ssssss*************ss****ssss

302 2191 467 2253 SANc'ri
506 2211 694 2267 apostoli
733 2209 859 2251 Pauli
898 2210 1160 2252 sententiam
1204 2213 1487 2256 contuentes,
1531 2221 1616 2263 qua
1654 2207 1864 2248 Romanis
1905 2206 2099 2247 scribens
2139 2206 2216 2247 ait:
2258 2206 2377 2246 nolo

162 2295 250 2323 vos
281 2282 551 2336 ignorare,
593 2280 813 2333 fratres,
857 2280 979 2335 quia
1019 2293 1179 2336 saepe
1212 2279 1463 2334 proposui
1496 2278 1681 2319 venire
1715 2277 1775 2318 ad
1807 2291 1913 2329 vos,
1958 2275 2046 2317 scd
2078 2274 2377 2331 prohibitus

112 2371 125 2385 υ
163 2365 277 2392 sum
309 2364 478 2405 usque
511 2349 706 2402 adhuc,
741 2353 784 2391 et
817 2364 894 2390 nos
928 2349 1087 2402 dicere,
1119 2348 1284 2404 pudore
1309 2348 1558 2403 instigante,
1593 2346 1912 2402 compellimur:
1948 2345 2142 2386 crebrius
2166 2344 2376 2385 voluimus

164 2421 218 2463 ad
251 2421 587 2463 sincerissimam
621 2420 830 2475 pietatem
866 2424 1056 2461 vestram
1088 2419 1251 2474 scripta
1282 2418 1491 2472 dirigere,
1538 2416 1615 2458 sed
1646 2416 1856 2472 prohibiti
1889 2429 2038 2456 sumus
2071 2428 2210 2469 usque
2252 2427 2379 2462 nunc,

163 2491 422 2547 prohibente
463 2490 666 2531 nimirum
709 2490 783 2531 illo
829 2490 903 2546 qui
949 2489 1091 2530 bonae
1135 2488 1345 2529 voluntati
1401 2487 1628 2529 consuevit
1677 2498 1848 2541 semper
1896 2484 2130 2535 obsistere,
2179 2482 2377 2524 invidens

164 2562 329 2603 scilicet
359 2560 576 2616 profectui
606 2566 753 2602 nostro
788 2565 832 2602 et
866 2560 1043 2601 affectui
1063 2564 1226 2609 vestm,
1260 2557 1437 2599 affectui
1468 2560 1616 2597 nostro
1646 2562 1689 2596 et
1714 2554 1928 2611 profectui
1951 2559 2109 2596 vestre.
2163 2552 2377 2609 profectui

165 2635 314 2672 nostro
354 2635 397 2672 et
436 2630 612 2672 affectui
643 2634 811 2682 vestro,
855 2630 954 2684 quia
995 2628 1192 2670 doctrina
1232 2632 1381 2669 vestra
1420 2626 1605 2667 eruditio
1644 2629 1792 2666 nostra
1831 2628 1897 2666 est
1930 2628 1974 2665 et
2015 2623 2203 2679 epistula
2234 2626 2381 2663 nostra

166 2700 340 2741 collatio
373 2699 579 2741 desiderii
611 2700 747 2742 vestri
784 2703 873 2748 est:
907 2703 950 2740 et
980 2712 1130 2739 rursus
1162 2696 1380 2753 profectui
1413 2699 1557 2737 vestro
1593 2699 1635 2736 et
1669 2694 1846 2736 affectui
1877 2698 2039 2745 nostro,
2073 2693 2174 2748 quia
2197 2691 2379 2733 eruditio

166 2773 316 2810 nostra
347 2783 516 2811 merces
549 2773 697 2811 vestra
731 2774 798 2811 est
831 2774 875 2811 et
909 2783 1040 2825 opera
1063 2773 1104 2809 et
1127 2768 1298 2808 collatio
1321 2765 1525 2807 desiderii
1548 2765 1682 2806 vestri
1702 2764 1837 2805 nostri
1861 2768 1929 2804 est
1952 2762 2164 2804 sermonis
2187 2762 2381 2803 affectus.

166 2839 228 2880 ita
258 2838 374 2880 enim
406 2839 557 2894 paucis
589 2838 757 2891 diebus,
792 2852 900 2894 quos
933 2837 1039 2878 mihi
1070 2851 1173 2879 vere
1207 2841 1250 2878 et
1280 2849 1445 2892 paucos
1481 2839 1523 2876 et
1556 2834 1840 2875 brevissimos
1874 2836 2019 2874 vester
2049 2832 2154 2873 fecit
2185 2831 2381 2879 affectus,

169 2908 271 2950 dum
306 2907 673 2963 contemplatione
696 2912 841 2948 vestra
873 2921 961 2948 non
993 2907 1133 2948 solum
1165 2905 1313 2946 satiari
1337 2909 1488 2945 noster
1510 2903 1669 2958 nequit,
1703 2917 1853 2944 verum
1878 2902 2009 2942 etiam
2031 2900 2218 2942 videndo
2242 2900 2380 2955 magis

168 2977 416 3019 exardescit
460 2977 663 3029 intuitus,
716 2991 812 3018 cum
852 2990 927 3017 vos
972 2980 1014 3016 et
1063 2974 1414 3016 desideraremus
1465 2977 1722 3028 praesentes
1763 2975 1807 3013 et
1850 2971 1990 3012 adhuc
2032 2984 2177 3011 eoram
2221 2970 2382 3025 positos

131 3066 138 3079 ›
177 3060 501 3102 quaereremus,
534 3061 688 3088 sensus
720 3050 894 3087 nostros
926 3045 1045 3086 font-e
1079 3043 1311 3099 purissimo
1344 3042 1522 3097 benigni
1555 3042 1745 3097 pectoris
1778 3040 2007 3095 irrigastis,
2045 3045 2104 3092 ut,
2146 3038 2383 3094 quamlibet

574 3143 720 3150 v—-W4,m

304 3219 350 3253 23
373 3219 478 3254 Rom.
504 3218 532 3260 I,
560 3219 614 3253 13.

306 3311 330 3345 4
359 3311 494 3356 aeonio]
522 3313 661 3356 scripsi,
697 3312 795 3345 aenio
818 3311 847 3344 G
987 3309 1008 3343 5
1043 3307 1283 3352 quotiensque]
1306 3309 1335 3342 G
1477 3307 1517 3341 11
1553 3306 1608 3351 sit]
1634 3314 1686 3341 est
1706 3308 1735 3339 G
1876 3306 1919 3340 12
1944 3308 2062 3340 fratres
2085 3306 2114 3338 G
2206 3305 2331 3348 profuit
2353 3303 2382 3335 G

173 3369 216 3404 13
237 3371 441 3414 propietates
459 3370 489 3403 G
617 3369 661 3403 16
682 3367 764 3411 illie]
784 3369 824 3410 G,
848 3369 939 3401 illico
957 3367 1119 3410 Basnaye
1252 3366 1294 3399 17
1322 3367 1477 3410 agnoscit
1494 3367 1524 3399 G
1653 3365 1696 3398 19
1718 3366 1865 3399 erudelis
1882 3366 1944 3397 sim
1963 3366 1992 3396 G
2118 3361 2164 3395 20
2180 3368 2259 3405 post
2275 3362 2384 3405 patria

173 3429 321 3471 spatium
345 3428 437 3470 quod
459 3433 565 3461 ‘restat
587 3439 702 3461 versus
720 3432 836 3465 vaca&
860 3425 952 3468 quod
968 3425 1117 3467 sequitur
1126 3426 1365 3468 sraymentum
1383 3425 1475 3456 alius
1493 3424 1658 3466 epistulae
1675 3435 1744 3456 esse
1755 3429 1851 3466 patet
1871 3423 1901 3455 G
2016 3420 2060 3454 23
2077 3426 2276 3453 contuentes
2294 3431 2381 3451 corr.

170 3487 416 3519 constituentes
437 3486 488 3518 G¹
628 3484 674 3518 25
699 3489 724 3517 ᾗ
753 3486 783 3517 G
876 3484 1028 3516 erebrius
1048 3501 1091 3506 —
1117 3481 1161 3514 27
1188 3479 1364 3524 obsistere]
1391 3482 1536 3524 epistula
1561 3493 1648 3524 quae
1673 3482 1797 3514 dicitur
1823 3480 1939 3513 Ser-eri
1963 3480 2004 3511 (le
2028 3479 2145 3511 ultimo
2170 3478 2294 3510 iudicio
2320 3488 2346 3506 e.
2366 3480 2382 3507 1

174 3542 238 3586 (ecl.
258 3543 368 3576 Halm
386 3555 424 3586 p.
444 3542 539 3584 219).·
572 3554 734 3587 persaepe
759 3543 800 3575 ad
825 3554 887 3575 vos
912 3542 1028 3574 venire
1053 3541 1158 3582 volui,
1189 3541 1248 3572 sed
1272 3551 1382 3582 usque
1406 3541 1518 3572 adhuc
1542 3541 1726 3583 impeditus
1751 3551 1837 3581 sum,
1869 3539 2053 3571 obsistente
2078 3537 2199 3583 coqui
2225 3535 2383 3567 convenit

171 3602 351 3643 obsistere,
387 3600 566 3633 Ruricium
589 3613 687 3633 usum
714 3612 782 3633 esse
808 3599 993 3639 Baluzi‘as‘,
1026 3597 1251 3630 Miscelhmea
1278 3596 1315 3637 I,
1348 3597 1469 3639 Praef.
1495 3598 1621 3629 censuit
1726 3598 1887 3630 uolumus
1916 3597 1946 3626 G
2095 3593 2140 3625 ⁶2⁴3
2169 3593 2325 3635 diriger&
2355 3592 2383 3623 G

173 3657 220 3690 30
244 3659 390 3691 conlatio
414 3658 454 3699 G,
478 3658 665 3691 consolatio
683 3658 845 3700 Basnaye
990 3654 1033 3688 31
1059 3656 1182 3688 mercis
1203 3654 1233 3686 G
1327 3666 1428 3698 opera
1451 3653 1497 3697 et]
1517 3655 1718 3695 BIomm-sewz,
1741 3661 1891 3697 ‘tempora
1912 3654 1952 3691 G,
1977 3662 2108 3694 semper
2124 3650 2208 3682 coni.
2229 3649 2385 3681 &anisius

173 3714 296 3758 nostri]
322 3715 454 3757 scripsi,
478 3716 585 3748 uestri
606 3716 636 3747 G
777 3713 822 3747 34
846 3712 971 3756 adhuc]
998 3713 1129 3754 scripsi,
1154 3712 1197 3744 ad
1222 3712 1286 3744 hoc
1308 3712 1337 3743 G
1432 3723 1547 3744 curam
1576 3713 1705 3755 positus
1723 3712 1752 3743 G
1892 3710 1936 3742 35
1961 3720 2082 3741 sensus
2108 3725 2148 3729 --
2172 3719 2206 3748 p.
2225 3707 2299 3746 318,
2325 3706 2345 3737 l.
2365 3707 2386 3736 2

172 3770 379 3817 possideam]
406 3772 566 3805 Ruricius
590 3784 630 3806 ecc
655 3785 704 3815 ep.
729 3771 892 3804 Victorini
916 3783 972 3803 nr.
994 3770 1078 3811 VII,
1103 3781 1210 3812 supra
1232 3782 1270 3812 p.
1292 3772 1364 3811 271,
1389 3770 1412 3802 l.
1434 3772 1476 3802 ‘24
1504 3771 1617 3802 hausit

2437 514 2479 557 (τ’

2424 2553 2448 2591 Ν)

2426 2832 2450 2870 00
