2583 4011
72 928 102 963 so

69 1286 99 1310 15

66 2324 99 2349 30

1002 198 1066 232 XX
1093 200 1113 242 ξ
1140 198 1186 233 20
1210 219 1251 223 —
1280 199 1341 233 XX
1369 200 1388 242 ξ
1414 199 1468 234 38.
2245 207 2325 245 295

142 315 378 361 naturas,
431 318 483 353 ut
530 318 647 353 sunt
695 315 902 368 angeli,
955 314 1254 369 archangeli
1304 320 1620 369 ceteraeque
1672 317 1912 362 virtutes,
1967 319 2072 373 ipsa
2120 333 2326 373 quoque

138 382 309 422 anima
341 386 519 422 nostra
552 382 636 422 vel
670 391 808 423 certe
844 397 929 424 aer
969 383 1075 424 iste
1121 383 1381 425 subtilis.
1426 393 1588 426 tamen
1635 387 1969 442 inem-porcae
2014 390 2328 431 nullatenus

140 449 496 491 aestimandae
539 456 674 492 sunt.
738 451 931 492 habent
974 452 1106 492 enim
1149 453 1439 494 secundum
1481 470 1536 494 se
1586 469 1796 510 corpus.
1845 471 1943 510 quo
1992 458 2327 501 subsistunt.

140 518 269 559 licet
319 519 482 559 multo
535 525 584 560 et
634 520 1121 575 incomparabiliter
1171 522 1400 569 tenuius,
1454 537 1606 577 quam
1659 530 1847 563 nostra
1899 534 2028 565 sunt
2081 540 2326 581 corpora.

140 587 417 629 secundum
459 588 679 643 apostoli
721 590 1035 630 sententiam
1078 589 1341 631 dicentis:
1387 596 1439 631 et
1480 606 1696 646 corpora
1737 592 1990 633 carelestia
2032 600 2081 633 et
2114 610 2331 650 corpora

139 657 426 698 terrestria.
488 657 691 712 quibus
724 672 818 712 pro
851 659 1128 700 manifesto
1164 659 1450 713 colligitur.
1493 660 1633 701 nihil
1667 676 1791 701 csse
1836 662 2186 717 incorporeum
2230 665 2391 704 11151211

140 725 302 766 solum
349 725 496 767 deum
553 732 605 768 et
662 726 875 768 idcirco
924 728 1032 783 ipsi
1090 729 1440 770 tantummodo
1495 744 1656 784 posse
1713 730 2102 785 penetrabiles
2149 747 2331 774 omncs

139 798 290 849 atque
333 795 736 836 intellectuales
780 811 904 837 esse
947 797 1310 840 substantias.
1372 813 1479 853 quate
1521 814 1615 839 cum
1659 800 1718 840 ita
1750 800 1853 846 sint,
1898 799 2032 840 obicis
2066 801 2189 851 mihi,
2234 803 2328 843 ideo
2347 807 2399 843 :32

139 863 325 904 animam
356 878 440 904 non
473 878 570 906 esse
603 878 870 919 corpoream.
914 867 1032 920 quia.
1076 872 1121 906 ut
1159 867 1319 907 dietum
1361 873 1447 913 est,
1492 882 1569 908 ne‹¹
1610 868 1757 908 localis
1800 868 1853 908 sit
1894 883 1971 909 nec
2012 870 2218 923 qualitate
2259 879 2331 911 aut

139 932 380 986 quantitate
429 932 650 973 subsistat.
721 933 830 988 quod
872 935 990 975 euius
1031 935 1207 990 periculi
1249 936 1305 976 sit
1346 936 1403 976 ita
1443 936 1620 978 credere
1662 938 1701 977 in
1745 937 2110 992 subsequentibus
2156 938 2399 979 demon-33

140 1001 369 1045 strabitur:
402 1016 513 1042 nunc
547 1016 648 1043 vcro
681 1003 723 1043 in
757 1002 834 1043 1100
867 1010 1077 1045 tractatus
1110 1005 1240 1046 nostri
1273 1011 1423 1048 status.
1457 1005 1602 1046 habita
1634 1005 1917 1048 discussione.
1956 1006 2172 1061 pendebit.
2206 1013 2263 1050 ut.
2298 1008 2331 1048 si

137 1083 217 1112 nec
250 1070 396 1112 localis
429 1070 484 1111 sit
516 1085 593 1111 nec
627 1072 852 1126 quantitati
887 1072 1122 1114 subiaceat.
1155 1088 1250 1114 esse
1284 1088 1378 1115 eam
1413 1073 1525 1115 haud
1551 1074 1680 1115 dubie
1705 1076 1996 1130 incorpoream
2023 1075 2330 1119 concedamus:

139 1139 173 1180 si
213 1154 312 1181 vero
354 1154 448 1180 eam
487 1139 930 1182 demonstraverimus
975 1142 1217 1196 quantitate
1251 1143 1525 1184 determinari
1568 1144 1714 1184 locove
1758 1144 1974 1189 concludi,
2018 1151 2332 1199 consequenter

138 1223 234 1250 eam
267 1209 396 1250 etiam
430 1224 607 1264 corpore
640 1211 868 1251 contineri.
912 1225 991 1251 nec
1032 1211 1125 1266 ipse
1159 1212 1241 1252 iam
1274 1212 1460 1254 dubites.
1523 1214 1737 1268 quomodo
1780 1228 1861 1254 11011
1904 1214 2051 1254 localis
2092 1220 2180 1258 est.
2221 1217 2397 1268 quaetssl

136 1277 301 1319 inserta
333 1278 537 1320 membris
569 1285 611 1321 et
643 1280 823 1334 inligata
846 1279 1085 1321 visceribus
1114 1281 1216 1321 solis
1248 1281 1434 1322 motibus
1462 1297 1569 1337 vaga
1594 1282 1844 1323 condicione
1869 1283 2137 1323 substantiae
2163 1289 2333 1323 tenetur

137 1346 332 1388 inclusa?
385 1347 498 1403 quod
528 1348 563 1389 si
596 1348 778 1389 localem
811 1362 896 1389 11011
929 1362 1026 1390 esse
1059 1349 1260 1390 animam.
1293 1349 1388 1391 ideo
1421 1351 1702 1392 asserendum
1736 1356 1875 1407 putes.
1909 1351 2022 1406 quod
2054 1367 2129 1406 per
2160 1351 2331 1392 diversa
2348 1354 2398 1391 :35

138 1416 337 1458 sensibus
370 1422 578 1472 evagetur
609 1424 652 1459 et
691 1418 1028 1474 cogitationibus
1068 1417 1305 1465 differatur,
1347 1420 1529 1475 primum
1562 1419 1902 1474 intellegendum
1937 1426 2020 1466 est,
2062 1420 2175 1475 quod
2216 1419 2329 1460 aliud

137 1485 191 1526 sit
212 1486 380 1527 animae
403 1491 553 1537 status,
585 1486 701 1528 aliud
724 1487 760 1527 is
785 1487 857 1542 qui
879 1486 932 1528 de
956 1487 1101 1528 anima
1129 1488 1319 1528 nascitur
1352 1489 1626 1543 cogitationis
1660 1489 1853 1530 affectus.
1903 1503 2029 1544 quam
2054 1489 2108 1530 ob
2133 1504 2221 1530 rem
2254 1496 2327 1529 aut

137 1554 218 1596 hoc-
250 1555 393 1611 potius
427 1556 739 1597 aestimandum
774 1562 852 1607 est,
896 1556 1022 1610 quod,
1058 1557 1091 1597 si
1125 1556 1294 1611 quando
1329 1557 1410 1598 sibi
1443 1557 1603 1612 aliquid
1636 1558 1908 1612 imaginatur.
1942 1559 2077 1612 magis
2112 1572 2208 1599 cum
2241 1558 2328 1598 suis

133 1623 246 1665 intra
278 1629 417 1666 semet
449 1625 585 1680 ipsam
619 1625 806 1667 motibus
840 1630 1090 1680 occupetur,
1123 1631 1166 1667 ct
1189 1626 1223 1666 si
1246 1625 1348 1681 quid
1371 1626 1487 1667 aliud
1510 1630 1589 1679 est,
1623 1626 1736 1682 quod
1758 1627 1953 1682 aspicere
1978 1626 2157 1673 videtur,
2191 1627 2328 1681 magis

136 1694 176 1735 ei
208 1694 250 1735 in
283 1694 589 1736 recordationis
622 1695 798 1752 speculo
839 1694 1122 1737 describatur.
1185 1710 1284 1736 nam
1324 1695 1494 1750 quando
1535 1696 1763 1738 absentem
1802 1710 1945 1737 carum
1991 1710 2113 1736 suum
2155 1697 2331 1750 cogitat,
2348 1700 2399 1737 :36

136 1763 340 1819 numquid
372 1764 471 1811 iam,
510 1765 627 1805 velut
668 1764 762 1819 ipso
804 1770 1053 1820 conspecto.
1095 1764 1323 1806 desideriis
1357 1765 1596 1806 satisfecit?
1659 1771 1732 1806 aut
1765 1779 1858 1806 cum
1891 1765 2010 1806 verbi
2042 1766 2183 1819 gratia
2217 1766 2331 1807 Petri

136 1837 211 1873 aut
231 1832 358 1874 Pauli
391 1834 580 1890 speciem
614 1834 727 1875 intra
758 1833 916 1875 mentis
950 1847 1107 1875 arcana
1137 1833 1346 1890 depingit,
1380 1834 1587 1889 numquid
1613 1834 1757 1875 statim
1780 1835 1954 1875 intimas
1978 1833 2165 1890 paradisi
2191 1834 2329 1877 501105.

136 1901 211 1943 ubi
253 1916 327 1943 eos
369 1917 466 1944 esse
509 1903 727 1955 novimus,
771 1903 1043 1958 penetravit?
1105 1908 1179 1943 aut
1219 1917 1314 1943 cum
1361 1903 1441 1944 sibi
1483 1904 1524 1944 in
1567 1904 1694 1945 corde
1728 1904 1870 1945 divitis
1903 1905 2016 1945 illius
2051 1905 2242 1945 flammas
2276 1919 2330 1946 ex

65 1979 80 2003 2
135 1971 323 2013 lectione
355 1972 591 2028 proposuit,
627 1971 831 2027 numquid
865 1972 949 2012 iam
984 1971 1037 2012 ad
1070 1976 1384 2014 tormentorum
1418 1973 1508 2013 eius
1542 1974 1635 2014 loca
1659 1988 1707 2014 ac
1730 1973 1838 2013 vivis
1863 1973 2184 2015 inaccessibilia
2206 1975 2331 2015 inferi

136 2040 350 2096 profunda
385 2040 638 2083 descendit?
699 2041 807 2083 haec
853 2042 991 2082 onmia
1033 2042 1182 2098 procul
1222 2041 1353 2083 dubio
1396 2048 1469 2083 aut
1513 2057 1661 2084 secum
1700 2044 1812 2084 intra
1844 2043 2033 2098 pectoris
2066 2057 2224 2083 arcana
2256 2045 2399 2098 per-37

136 2110 278 2152 varias
310 2110 614 2152 similitudines
646 2111 770 2165 fingit
801 2115 875 2151 aut
908 2115 1040 2157 certe,
1075 2111 1111 2152 si
1143 2117 1267 2152 extra
1299 2112 1468 2153 animae
1501 2112 1649 2154 sedem
1683 2111 1898 2152 instabilis
1932 2112 2139 2167 cogitatio
2168 2112 2331 2153 lubrico

135 2182 256 2219 motu
303 2179 468 2234 agitata
515 2179 736 2229 discurrit,
784 2179 864 2220 hoc
911 2179 1039 2235 ipsud
1080 2180 1275 2222 localiter
1319 2181 1428 2236 agit.
1476 2186 1518 2222 et
1557 2182 1646 2223 sive
1688 2181 1839 2222 urbem
1881 2181 1970 2222 sive
2013 2195 2327 2237 quamcumque

135 2248 358 2303 regionem
390 2249 565 2304 cogitet,
600 2249 659 2291 ibi
692 2253 858 2290 tantum
882 2263 1013 2290 sensu
1036 2254 1328 2291 commorante
1352 2249 1566 2305 defigitur,
1600 2264 1682 2305 quo
1707 2250 1837 2291 animi
1860 2250 2099 2292 intentione
2123 2256 2330 2306 raptatur.

134 2317 362 2372 imaginari
404 2317 485 2359 sibi
529 2319 672 2374 aliqua
712 2322 877 2374 potest,
925 2319 1153 2374 complecti
1203 2320 1347 2360 omnia
1387 2320 1512 2361 simul
1556 2334 1642 2360 non
1683 2324 1839 2375 potest.
1907 2333 2002 2360 cum
2045 2334 2148 2374 ergo
2189 2321 2399 2361 0111111038

135 2385 446 2428 Alexandriam
470 2387 539 2428 vel
559 2387 909 2443 Hierosolymam
935 2389 1157 2443 cogitavit,
1192 2389 1349 2430 sivero
1382 2389 1469 2430 11110
1501 2393 1591 2430 tota
1623 2389 1687 2430 sui
1721 2389 1983 2444 praesentia.
2016 2394 2063 2429 ut
2094 2389 2330 2435 arbitraris,

136 2455 353 2504 interfuit,
396 2457 558 2498 referat
588 2456 712 2498 nobis
751 2457 858 2498 situs
900 2457 1111 2509 locorum,
1153 2458 1297 2499 vultus
1338 2457 1578 2510 hominum.
1623 2463 1766 2499 motus
1810 2463 2016 2513 actusque
2059 2459 2329 2514 populorum.

272 2607 293 2639 ι’)
318 2605 344 2640 Ι.
371 2606 450 2641 Cor.
477 2606 554 2647 XV,
579 2608 634 2641 40.
752 2607 798 2641 24
824 2606 908 2640 Luc.
935 2606 1031 2646 XVI,
1056 2606 1112 2640 22.

272 2697 294 2731 2
319 2698 421 2743 00110]
447 2706 557 2733 1100110
586 2701 615 2732 G
753 2699 774 2732 3
800 2700 1043 2733 existimandae
1068 2700 1111 2731 ill
1238 2701 1363 2733 habent
1390 2719 1430 2723 ——
1457 2700 1479 2733 4
1509 2707 1589 2734 sunt
1621 2700 1773 2745 corpora]
1811 2702 1922 2734 attulit
1950 2703 1997 2734 (Ιί.
2024 2701 2211 2735 11Ια11ιει·ίιι5
2237 2702 2268 2742 Ι,
2294 2706 2331 2734 m

140 2756 206 2797 (ed.
232 2756 456 2799 Enydbrecht
482 2770 516 2800 p.
541 2758 594 2800 61)
697 2759 883 2791 subsistant
906 2757 951 2789 ,Π
1097 2755 1120 2790 4
1153 2764 1186 2790 et
1218 2757 1538 2801 incomparabiliter]
1572 2770 1635 2791 om.
1664 2759 1848 2792 Cassianus
1955 2760 2049 2791 1011111
2081 2759 2118 2796 (u
2143 2773 2167 2791 s.
2196 2758 2233 2796 l.)
2258 2771 2274 2791 s
2303 2761 2332 2788 G

137 2812 159 2845 5
187 2815 337 2848 dicentes
365 2815 394 2847 G
545 2815 566 2848 6
590 2824 613 2858 p
643 2817 672 2847 G
822 2816 841 2849 7
873 2813 953 2847 011ιῇ
981 2817 1021 2855 G,
1052 2816 1245 2858 spirituales
1277 2816 1358 2848 add.
1391 2816 1574 2848 Cassianus
1727 2817 1748 2847 8
1780 2815 1894 2859 atque]
1926 2829 1988 2849 om.
2015 2817 2059 2848 JI
2158 2818 2263 2850 obicis
2289 2835 2330 2839 —

139 2871 182 2905 14
213 2872 358 2915 dubites]
392 2874 503 2906 attulit
534 2874 582 2906 Ol.
606 2873 795 2905 Mamertus
818 2873 849 2913 I,
871 2876 910 2905 16
941 2872 1006 2914 (cd.
1030 2872 1255 2915 I's'nyelbrecltt
1283 2885 1317 2915 p.
1341 2873 1396 2914 62)
1548 2873 1591 2906 10
1615 2875 1751 2907 credere
1776 2893 1819 2896 —
1848 2873 1887 2906 11
1914 2873 2009 2916 uero]
2040 2886 2102 2906 om.
2133 2875 2162 2906 G
2255 2886 2331 2907 0011-

137 2931 357 2973 sequentibus
392 2931 440 2964 Cl.
467 2931 655 2964 Mamerms
680 2931 702 2963 l.
729 2932 751 2963 l.
887 2927 1186 2972 demonstrabitur]
1222 2931 1470 2963 demonstratur
1509 2931 1607 2963 codd.
1632 2931 1744 2963 Paris.
1777 2943 1830 2963 nr.
1858 2933 1982 2971 16340,
2018 2934 2119 2971 2779,
2151 2931 2223 2963 Vnt.
2252 2931 2329 2973 Ises).

137 3000 191 3020 ην.
213 2990 277 3021 201
303 2989 353 3030 M,
385 2989 690 3022 demonstrabimus
718 2989 765 3021 GC.
786 2989 976 3020 ,llamertus
1001 2988 1022 3020 l.
1050 2988 1071 3019 l.
1236 2987 1276 3020 11
1302 2994 1465 3021 tractatus
1491 2988 1651 3029 (tractatu
1676 2987 1802 3031 Lipall
1828 2988 1878 3028 ill,
1903 2994 2010 3021 status
2033 2989 2062 3019 G
2155 2987 2274 3030 status]
2294 2988 2336 3020 M

139 3045 201 3087 (al.
227 3044 351 3088 statu),
387 3059 449 3079 om.
476 3047 506 3079 G
530 3053 559 3079 et
583 3047 655 3079 cod.
682 3046 774 3088 Lips.
800 3046 845 3078 M
1025 3043 1068 3076 12
1101 3045 1290 3087 quantitate
1319 3045 1348 3077 G
1486 3053 1546 3078 aut
1580 3046 1682 3079 dubie
1711 3046 1756 3087 G,
1791 3046 1929 3078 indubie
1967 3047 2015 3078 (sl.
2041 3046 2229 3078 illarum-lus
2260 3047 2281 3078 l.
2310 3047 2329 3077 l.

139 3102 182 3136 13
207 3104 435 3137 demonstrare
459 3116 532 3137 eam
553 3106 583 3136 G
721 3102 763 3135 14
788 3103 920 3146 corpori
941 3103 990 3135 G¹
1086 3103 1253 3144 quomodo
1271 3120 1313 3124 —-
1333 3102 1375 3134 lb·
1393 3102 1536 3146 inc-lusa]
1557 3104 1669 3135 attulit
1690 3104 1738 3136 Ol.
1755 3103 1942 3135 Mamertus
1960 3103 2008 3135 ΙΙ
2009 3103 2038 3143 J,
2056 3107 2096 3135 14
2122 3103 2186 3144 (etl.
2208 3103 2329 3144 Enfsel-

137 3160 250 3193 brechi
271 3173 305 3204 p.
323 3161 397 3197 181)
523 3160 564 3194 17
589 3162 760 3194 ‘deferatur
781 3162 834 3190 (τ”Ξ
910 3161 1003 3193 aliud
1021 3178 1062 3182 —
1080 3158 1121 3192 21
1142 3158 1363 3203 describatur]
1390 3161 1501 3193 attulit
1521 3161 1568 3194 ΟΖ.
1587 3160 1777 3194 fllamertus
1794 3161 1825 3202 I,
1842 3165 1884 3193 24
1904 3161 1970 3202 (ecl.
1984 3161 2208 3203 Myelbreclzt
2218 3173 2255 3203 p.
2271 3161 2329 3199 84)

140 3217 182 3251 18
207 3217 264 3262 sit]
289 3224 339 3252 est
366 3220 414 3252 Gt.
433 3219 622 3252 Mamertus
703 3219 755 3251 his
776 3219 805 3251 G
887 3216 957 3261 aut]
986 3229 1049 3250 om.
1069 3217 1112 3249 ss!
1238 3216 1279 3249 19
1304 3218 1569 3251 existimandum
1587 3218 1631 3249 111
1651 3218 1898 3260 (extimandum
1924 3218 2032 3261 Lips.)
2166 3216 2211 3251 ‘20
2234 3229 2330 3250 00011-

139 3282 239 3319 patur
255 3277 295 3309 M
379 3275 484 3320 aliud]
512 3277 597 3308 illud
618 3278 648 3309 G
778 3275 821 3308 21
848 3275 891 3320 01]
917 3289 980 3309 om.
999 3277 1043 3308 M
1125 3277 1336 3309 cordationes
1357 3277 1420 3317 (3¹,
1443 3278 1646 3311 cordationis
1667 3279 1718 3311 G2
1801 3278 2002 3310 discribatur
2023 3278 2052 3309 G
2136 3277 2269 3318 quando
2289 3294 2328 3298 —

139 3333 184 3366 22
216 3333 390 3378 satisfecit]
423 3335 534 3367 attulit
561 3334 608 3367 Oc.
635 3334 825 3367 illamertus
849 3334 881 3375 I,
905 3337 946 3368 25
972 3334 1036 3376 (ed.
1063 3333 1288 3377 Enyelhrecht
1306 3346 1344 3376 p.
1361 3333 1418 3370 87)
1582 3333 1626 3366 22
1658 3333 1738 3377 iam]
1771 3346 1834 3366 om.
1861 3334 1904 3365 111
1928 3339 1958 3366 ει
1985 3333 2033 3366 Cl.
2051 3333 2240 3365 Mamertus
2265 3334 2286 3364 l.
2308 3334 2329 3364 l.

139 3397 321 3435 conspectu
343 3392 372 3425 G
396 3398 426 3424 et
449 3392 521 3424 cod.
540 3392 634 3434 Lips.
654 3392 699 3423 ill
786 3391 972 3435 desideriis]
994 3393 1042 3425 Oc.
1061 3392 1250 3424 Mamertus
1270 3392 1292 3424 l.
1311 3392 1346 3432 l„
1371 3392 1526 3425 desiderii
1547 3393 1587 3433 G,
1611 3393 1775 3426 desiderio
1794 3392 1837 3424 Μ
1927 3403 2005 3424 eum
2025 3409 2067 3413 —-
2084 3390 2127 3422 26
2145 3389 2328 3432 descendit]

138 3450 250 3482 attulit
283 3450 332 3482 Ol.
357 3450 546 3482 Mamertus
571 3449 653 3490 III,
679 3452 718 3483 13
749 3449 813 3491 (ecl.
839 3449 1065 3492 Enyelbrecht
1082 3448 1218 3492 22178)
1383 3447 1430 3481 24
1462 3451 1666 3482 1101115511ηο5
1694 3449 1757 3489 G',
1789 3450 1947 3482 nouimus
1976 3450 2027 3481 G²
2189 3446 2233 3479 25
2258 3448 2330 3479 1000

140 3508 237 3540 cuius
261 3507 507 3540 inaccessibilia
531 3507 646 3539 inferri
675 3508 705 3539 G
851 3505 895 3540 26
920 3507 1086 3539 discendit
1113 3506 1142 3539 G
1235 3506 1323 3538 inter
1351 3506 1380 3538 G
1518 3505 1562 3540 27
1587 3507 1737 3540 instabili
1765 3507 1794 3539 G
1933 3504 1976 3538 28
2001 3506 2072 3548 agit
2097 3503 2142 3547 et]
2168 3505 2272 3547 agitet
2301 3505 2331 3536 G

139 3563 184 3596 29
207 3570 489 3597 commemorante
514 3564 554 3595 Μ
703 3563 748 3597 30
777 3563 870 3608 ergo]
902 3576 983 3597 uero
1009 3563 1053 3595 ῘΙΙ
1153 3563 1283 3604 anima,
1317 3575 1387 3595 ras.
1412 3564 1547 3607 virgula
1576 3564 1605 3596 G
1708 3565 1819 3596 anima
1845 3582 1886 3585 ——-
1912 3562 1957 3595 32
1981 3560 2194 3605 populorum]
2221 3561 2331 3593 attulit

143 3622 192 3656 Cl.
210 3622 400 3654 ilsamertus
427 3622 502 3663 III,
519 3626 560 3655 10
586 3621 652 3663 (ed.
670 3622 895 3665 Enyelbreclzt
911 3634 949 3664 p.
969 3621 1043 3662 172)
1186 3618 1228 3652 31
1254 3620 1518 3663 alexandrinam,
1543 3633 1612 3653 ras.
1631 3633 1652 3653 11
1675 3622 1704 3653 G
1796 3620 2062 3663 hyerusolimam
2084 3620 2113 3651 G
2206 3619 2331 3660 cogitat

147 3679 194 3711 CI.
211 3679 401 3711 Mamertus
426 3680 448 3711 l.
467 3680 489 3712 l.
568 3680 596 3712 si
621 3677 714 3722 uere]
741 3680 814 3713 siue
836 3680 876 3721 G,
899 3686 934 3713 01
956 3680 984 3713 51
1009 3691 1068 3725 per
1091 3678 1329 3722 cogitationem
1350 3678 1398 3711 Ol.
1415 3678 1605 3713 sslamertus
1627 3680 1649 3711 l.
1668 3680 1689 3711 l.
1765 3684 1834 3719 aut,
1859 3689 1928 3710 ras.
1946 3689 1965 3710 a
1986 3678 2016 3709 G
2137 3675 2183 3708 32
2207 3674 2329 3717 11101115]

141 3737 226 3771 ritus
251 3736 293 3771 M

2404 313 2443 356 G
2451 312 2512 357 M
