2583 4011
105 928 137 952 10

104 1520 134 1545 15

101 1865 135 1890 20

1022 171 1164 209 LIBER
1190 172 1531 219 1‚2§7—4§3.
2353 180 2377 222 5

175 292 354 338 fecturis
385 291 562 335 urbanis
584 289 974 348 praetorianisque,
998 290 1263 346 magisteriis
1285 290 1495 331 Palatinis
1519 292 1864 347 militaribusque
1888 294 2142 337 micuerunt.
2206 299 2248 336 et
2277 309 2378 337 ecce
2423 297 2447 336 2

175 363 447 405 Gaudentius
481 376 618 413 meus,
651 361 862 402 hactenus
896 364 1062 401 tantum
1094 359 1372 404 tribunicius,
1406 361 1665 402 oscitantem
1698 369 1942 403 nostrorum
1975 365 2131 405 civium
2165 364 2376 405 desidiam

173 433 390 474 vicariano
423 431 547 487 apice
579 429 862 472 transcendit.
924 429 1127 470 mussitat
1159 428 1332 483 quidem
1366 429 1568 470 iuvenum
1602 434 1846 470 nostrorum
1887 432 2051 472 calcata
2092 434 2376 485 generositas.

174 501 250 543 sed
298 501 370 556 qui
417 499 588 541 transiit
631 499 893 553 derogantes
943 499 985 538 in
1027 498 1107 539 hoc
1155 498 1294 538 solum
1336 503 1555 548 movetur,
1595 503 1641 538 ut
1681 498 1882 552 gaudeat.
1952 501 2080 553 igitur
2113 508 2372 543 venerantur

172 570 396 624 hucusque
439 572 734 624 contemptum
779 582 829 608 ac
870 567 1039 608 subitae
1082 571 1311 622 stupentes
1352 566 1463 607 dona
1502 566 1700 608 fortunae
1735 581 1860 621 quem
1913 582 2119 609 consessu
2161 570 2372 626 ‹les-picie-

176 638 281 680 bant
313 637 416 679 sede
449 637 709 693 suspiciunt.
769 637 843 677 illc
876 635 1015 677 obiter
1050 640 1311 677 stertentum
1345 636 1655 676 oblatratorum
1688 650 1815 677 aures
1856 639 1971 678 rauci
2005 652 2110 678 voce
2153 641 2377 693 praeconis

173 707 417 758 everberat,
451 706 523 761 qui
556 706 598 746 in
631 719 730 746 eum
762 706 863 746 licet
896 705 1080 746 stimulis
1114 704 1409 746 inimicalibus
1443 705 1701 755 excitentur,
1736 706 1918 746 scamnis
1952 711 2096 746 tamen
2130 708 2381 749 amicalibus

174 775 512 831 deputabuntur.
572 774 687 816 unde
725 779 767 815 tc
802 774 933 815 etiam
976 788 1055 829 par
1086 773 1217 814 fuerit
1256 773 1486 828 privilegio
1521 774 1802 814 consiliorum
1836 775 2161 829 praefecturae,
2196 776 2236 816 in
2270 791 2377 831 quae
2425 781 2432 814 ἰ

172 843 473 901 participanda
504 843 782 900 deposceris,
823 843 1035 898 antiquati
1082 842 1257 883 honoris
1291 842 1526 898 perniciter
1559 842 1719 883 sarcire
1754 842 2048 897 dispendium,
2083 857 2156 889 ne,
2191 844 2225 884 si
2260 851 2383 885 extra

173 913 524 969 praerogativam
548 912 784 954 consiliarii
806 912 848 953 in
872 912 1102 954 concilium
1122 911 1309 963 veneris,
1336 911 1452 952 solas
1470 911 1727 952 vicariorum
1748 912 1864 953 vices
1889 912 2031 966 egisse
2053 912 2240 954 videare.
2274 914 2382 954 vale.

1237 1096 1315 1137 IV.

700 1197 985 1240 SIDONIUS
1020 1197 1376 1240 GAUDENTIO
1412 1197 1524 1240 SUO
1561 1197 1857 1240 SALUTEM.

308 1277 484 1339 MACTE
519 1301 637 1349 esto,
671 1296 736 1337 vir
768 1296 1058 1352 amplissime,
1090 1296 1281 1337 fascibus
1323 1296 1458 1352 partis
1492 1295 1593 1337 dote
1626 1296 1901 1340 meritorum:
1944 1310 2123 1351 quorum
2165 1301 2210 1338 ut
2249 1297 2384 1337 titulis

174 1367 459 1423 apicibusque
492 1367 675 1422 potiare,
707 1379 794 1406 non
828 1370 1049 1407 maternos
1083 1365 1261 1416 reditus,
1297 1379 1382 1405 non
1407 1366 1544 1406 avitas
1568 1365 1839 1419 largitiones,
1873 1379 1957 1405 non
1980 1366 2155 1406 uxorias
2178 1380 2385 1418 gemmas,

169 1449 256 1477 non
287 1441 491 1492 paternas
523 1435 731 1491 pecunias
763 1434 1061 1487 numeravisti,
1095 1435 1196 1490 quia
1223 1435 1302 1476 tibi
1327 1449 1349 1475 e
1373 1434 1587 1475 contrario
1613 1433 1727 1489 apud
1757 1433 1964 1490 principis
1989 1433 2162 1475 domum
2186 1435 2383 1490 inspecta

172 1506 416 1558 sinceritas,
451 1508 647 1561 spectata
680 1504 904 1556 sedulitas,
927 1504 1119 1546 admissa
1141 1503 1350 1546 sodalitas
1374 1504 1491 1545 laudi
1517 1504 1652 1546 fuere.
1716 1518 1739 1543 o
1763 1508 1916 1559 terque
1942 1507 2181 1559 quaterque
2205 1503 2381 1545 beatum

170 1578 229 1626 te,
260 1573 313 1616 de
346 1574 468 1616 cuius
501 1574 688 1616 culmine
723 1573 849 1615 datur
880 1574 1030 1615 amieis
1060 1574 1240 1625 laetitia,
1264 1573 1407 1614 lividis
1432 1587 1588 1629 poena,
1624 1573 1812 1629 posteris
1845 1573 1997 1628 gloria,
2031 1578 2120 1613 tum
2154 1579 2384 1630 practerea

171 1644 342 1698 vegetis
365 1648 410 1686 et
437 1644 654 1685 alacribus
678 1643 943 1699 exemplum,
967 1642 1193 1684 desidibus
1228 1647 1272 1684 et
1303 1643 1438 1699 pigris
1470 1643 1821 1689 incitamentum;
1856 1648 1899 1683 et
1931 1647 2075 1684 tamen
2108 1643 2141 1682 si
2175 1642 2382 1697 quisunt,

171 1713 244 1768 qui
283 1717 326 1754 te
368 1726 641 1768 quocumque
681 1713 824 1754 animo
863 1711 1070 1768 deinceps
1112 1712 1467 1764 aemulabuntur,
1512 1712 1595 1754 sibi
1640 1712 1840 1758 forsitan,
1888 1711 1922 1752 si
1964 1717 2006 1753 te
2050 1716 2386 1766 consequantur,

171 1781 380 1834 debeant,
413 1782 494 1823 tibi
526 1782 751 1824 debebunt
782 1782 934 1838 procul
967 1781 1112 1834 dubio,
1147 1781 1262 1837 quod
1295 1786 1546 1836 sequuntur.
1617 1786 1817 1837 spectare
1849 1781 1955 1822 mihi
1988 1780 2140 1822 videor
2172 1780 2382 1821 bonorum

170 1865 279 1907 pace
302 1851 501 1908 praefata
521 1851 642 1892 illam
664 1851 708 1892 in
730 1851 886 1892 invidis
911 1851 1129 1906 ignaviam
1154 1851 1482 1907 superbientem
1505 1856 1549 1893 et
1576 1850 1682 1892 illud
1703 1850 1916 1892 militandi
1942 1849 2154 1892 inertibus
2174 1849 2385 1891 familiare

168 1920 404 1972 fastidium,
439 1935 537 1962 cum
569 1934 595 1962 a
627 1919 934 1977 desperatione
968 1920 1195 1962 crescendi
1226 1921 1341 1962 inter
1372 1920 1611 1962 bibendum
1644 1920 2005 1976 philosophantes
2038 1919 2169 1961 ferias
2202 1918 2383 1960 inhono-

170 1995 362 2032 ratorum
393 1989 585 2042 laudant,
617 1990 722 2032 vitio
755 1990 967 2043 desidiae,
999 2004 1087 2032 non
1119 1989 1261 2032 studio
1296 1990 1595 2046 perfectionis.

1105 2061 1128 2084 >k
1441 2059 1465 2084 4<

1273 2092 1296 2115 ἑὲ

183 2152 204 2172 a<
228 2152 249 2173 s
279 2129 524 2185 appetitus,
557 2143 612 2170 ne
645 2129 785 2171 adhuc
815 2130 965 2186 pueris
996 2131 1095 2172 usui
1124 2130 1250 2183 foret,
1281 2131 1491 2171 maiorum
1522 2129 1681 2171 iudicio
1714 2127 1994 2176 reiciebatur;
2036 2127 2097 2168 sic
2129 2126 2386 2167 adulescen-
2432 2153 2440 2165 .

174 2201 267 2239 tum
312 2197 730 2241 declamatiunculas
776 2199 934 2255 pannis
983 2199 1213 2241 textilibus
1254 2203 1560 2255 comparantes
1611 2197 1929 2253 intellegebant
1971 2196 2143 2252 eloquia
2184 2196 2387 2237 iuvenum

311 2346 332 2379 2
356 2349 568 2391 gaudencius
589 2349 619 2383 C'
722 2354 855 2383 tantum
870 2375 993 2383 ......
1021 2349 1040 2382 7
1067 2351 1245 2384 everberat
1262 2351 1320 2393 qui
1339 2350 1407 2391 cles.
1427 2351 1462 2382 ἱη
1475 2350 1513 2382 F
1614 2350 1810 2383 tribunitius
1823 2348 1896 2380 Mc*
2048 2346 2069 2379 3
2094 2346 2250 2379 mussitat
2275 2346 2346 2386 (alt.
2374 2356 2389 2376 s

169 2438 258 2460 eras.
279 2428 340 2469 0²)
359 2428 388 2461 C
523 2430 652 2463 calcata
684 2430 786 2474 (spat.
805 2431 954 2464 duarum
981 2432 1040 2464 liu.
1070 2431 1157 2473 vac.)
1185 2432 1350 2464 nerositas
1377 2431 1477 2473 (spat.
1494 2434 1534 2463 17
1552 2431 1610 2463 litt.
1628 2430 1715 2472 vac.)
1744 2430 1824 2463 nsiit
1840 2430 1918 2461 dero
1947 2428 2046 2470 (spat.
2070 2430 2105 2460 13
2128 2428 2188 2459 lite.
2212 2426 2299 2467 rae.)
2327 2427 2390 2458 lioc

174 2508 331 2541 solumL
469 2507 492 2541 4
517 2511 638 2543 transit
651 2510 696 2542 M
700 2511 790 2543 TOP
941 2510 963 2544 5
988 2516 1196 2544 contemtum
1211 2511 1252 2551 L,
1277 2515 1475 2544 contentum
1490 2509 1526 2543 P
1593 2511 1703 2543 subite
1728 2521 1752 2542 ε.
1781 2510 1803 2542 l.
1830 2509 1912 2541 add.
1934 2508 1980 2539 Τ1
2053 2518 2213 2540 consessu
2238 2518 2325 2538 corr.
2351 2517 2392 2538 ca:

172 2599 337 2622 concessu
365 2589 424 2631 0¹,
451 2605 498 2622 ³.·-2'
522 2602 686 2625 consessu
709 2597 852 2634 praeter
876 2602 941 2625 con
970 2592 1008 2624 in
1039 2603 1109 2624 ras.
1135 2591 1188 2624 P²
1296 2591 1520 2634 dispiciebant
1544 2590 1575 2622 L
1729 2588 1751 2622 6
1775 2589 1871 2622 obter
1896 2588 1926 2620 L
2079 2585 2098 2618 7
2124 2588 2157 2619 in
2183 2598 2260 2620 eum
2293 2612 2389 2619 .....

176 2667 197 2702 9
220 2671 402 2714 perniciter
419 2678 563 2714 praeter
586 2673 667 2706 licet
691 2699 698 2706 .
718 2697 725 2705 .
746 2699 754 2707 .
773 2698 780 2705 .
806 2674 859 2706 nis
883 2678 999 2706 tamen
1023 2674 1090 2706 ami
1109 2696 1251 2706 ......
1270 2683 1330 2715 par
1354 2672 1457 2704 fuerit
1482 2672 1627 2714 privileg
1653 2695 1767 2704 .....
1794 2669 2059 2713 participandam
2085 2668 2275 2713 deposceris
2301 2692 2308 2698 .
2329 2693 2335 2699 .
2355 2692 2361 2700 .
2383 2692 2390 2700 .

170 2749 253 2783 citer
269 2750 338 2793 def.
353 2752 389 2784 in
402 2751 441 2784 F
529 2754 604 2786 exci
622 2771 637 2786 ι
651 2771 666 2786 ι
678 2770 692 2786 ι
711 2771 726 2786 ι
744 2753 785 2795 Ρ,
809 2754 869 2787 sed
893 2755 923 2787 ci
947 2754 1030 2786 add.
1044 2753 1108 2795 ΡΖ,
1132 2732 1288 2786 excitent·
1300 2753 1381 2786 add.
1399 2753 1435 2785 ‘ivn
1452 2764 1561 2795 mary.
1575 2751 1608 2783 P
1744 2750 1766 2782 8
1790 2750 1996 2794 deputantur
2010 2748 2051 2781 Μ
2058 2748 2089 2780 Τ
2088 2748 2147 2781 GP
2237 2749 2271 2781 in
2290 2759 2390 2791 quam

170 2831 436 2875 participandam
450 2832 495 2865 ᾹΙ
498 2833 530 2865 Τ
529 2833 630 2876 OFP,
655 2833 737 2876 (nisi
758 2834 849 2876 quod
873 2835 909 2867 in
927 2847 1028 2878 quam
1047 2835 1116 2876 def.
1141 2835 1178 2867 ‘in
1194 2833 1248 2877 F)
1391 2832 1412 2865 9
1437 2834 1555 2866 sartire
1581 2833 1619 2864 M
1721 2836 1817 2864 extra
1841 2831 2108 2874 praerogativam
2128 2835 2269 2871 praeter
2295 2840 2335 2861 ex
2361 2833 2391 2860 e!

171 2911 276 2944 tivam
301 2912 370 2956 def.
395 2913 433 2946 in
457 2913 495 2946 F
648 2913 692 2948 lO
716 2916 805 2949 solas
823 2921 966 2958 praeter
990 2927 1027 2948 so
1053 2915 1122 2958 def.
1148 2916 1185 2948 in
1202 2915 1239 2947 F
1338 2915 1484 2948 videaris
1515 2914 1547 2946 Τ
1645 2913 1722 2945 vale
1745 2912 1813 2955 def.
1838 2912 1873 2944 in
1900 2911 1937 2943 F
2094 2909 2134 2942 11
2163 2910 2332 2953 Sydonius
2358 2908 2395 2940 ]·'

171 2992 314 3026 salutem
339 3005 402 3026 om.
429 2993 468 3026 F
654 2994 698 3028 13
722 2997 856 3039 poeiare
884 2994 914 3029 C'
1099 2994 1142 3028 14
1167 2997 1328 3039 pecunias
1352 2995 1433 3028 add.
1459 3006 1485 3026 8.
1512 2995 1534 3026 l.
1568 2993 1627 3034 T2,
1652 2992 1832 3036 peccunias
1861 2991 1890 3023 Ο
2074 2989 2116 3023 15
2142 2994 2333 3032 exspectata
2359 2988 2390 3019 L

169 3074 328 3107 ammissa
351 3074 384 3106 L
525 3073 568 3107 16
592 3076 726 3110 laeticia
759 3075 825 3109 C'F
969 3075 1013 3109 18
1037 3048 1147 3125 {iussq3
1179 3088 1266 3109 corr.
1292 3087 1332 3109 ex
1363 3087 1470 3118 quoq;
1498 3074 1551 3106 F¹
1647 3073 1806 3106 deineebs
1840 3069 1870 3103 C
2009 3068 2052 3102 19
2077 3076 2241 3103 secuntur
2272 3068 2387 3110 MFJ’,

171 3154 311 3196 sefintur
342 3153 385 3196 T,
425 3161 684 3198 consequuntur
710 3153 741 3188 C
853 3161 1032 3200 expectare
1056 3156 1089 3188 L
1212 3156 1314 3188 michi
1344 3152 1374 3186 Ο
1546 3153 1588 3187 21
1616 3155 1790 3187 fastidium
1822 3153 1865 3195 T,
1900 3151 1916 3184 l
1941 3152 2091 3185 studium
2123 3163 2147 3184 8.
2175 3151 2197 3182 l.
2224 3149 2306 3181 add.
2340 3149 2371 3180 T
2380 3149 2387 3167 ¹

175 3234 413 3277 desperacione
433 3231 471 3277 C,
495 3236 720 3280 disperatione
737 3236 769 3269 L
861 3237 1104 3281 filosophantes
1121 3237 1159 3269 F
1247 3237 1348 3270 ferias
1372 3236 1616 3268 inhonoratoru
1642 3235 1782 3267 laudant
1800 3234 1932 3276 partim
1956 3233 1992 3265 in
2016 3244 2086 3264 ras.
2098 3231 2230 3274 partim
2247 3231 2284 3262 in
2301 3235 2385 3272 spat.

171 3325 243 3346 vac.
278 3314 361 3347 add.
387 3315 433 3347 M
439 3315 451 3335 ¹
481 3321 542 3348 aut
566 3316 610 3348 M
615 3317 640 3358 ²,
675 3317 712 3349 in
746 3317 855 3360 frigus
889 3317 1053 3350 honoravi
1088 3316 1189 3359 (spat.
1218 3318 1240 3348 8
1273 3316 1333 3348 litt.
1359 3314 1446 3356 vac.)
1472 3315 1574 3348 lauda
1601 3314 1700 3357 (spat.
1727 3318 1750 3347 4
1776 3315 1835 3347 litt.
1860 3312 1947 3354 vac.)
1975 3313 2005 3345 L
2104 3312 2335 3344 inhoratorum
2361 3309 2394 3341 Ι)

175 3391 220 3426 22
244 3395 334 3428 vicio
348 3395 393 3427 M
481 3397 704 3439 perfeccionis
725 3395 755 3429 C
891 3396 937 3431 23
962 3403 1040 3430 ante
1065 3398 1237 3441 appetitus
1263 3397 1323 3438 Iey.
1349 3396 1452 3428 huius
1477 3396 1566 3428 enim
1590 3395 1627 3427 in
1648 3395 1683 3435 O,
1707 3395 1807 3427 cuius
1823 3395 1859 3426 in
1874 3393 1948 3434 FP,
1973 3398 2129 3425 nemmem
2154 3397 2200 3424 εει
2224 3389 2389 3430 inLJJT‚

174 3473 233 3505 sed
256 3474 323 3507 cui'
349 3475 431 3508 add.
456 3475 493 3508 in
517 3488 627 3519 marg.
645 3476 690 3508 M
709 3482 738 3509 et
754 3488 779 3509 s.
796 3477 817 3510 Z.
843 3477 902 3510 T1.
929 3482 982 3509 sat
1005 3488 1134 3520 mayna
1161 3477 1288 3508 lamma
1313 3480 1344 3507 et
1358 3476 1468 3518 finem
1493 3486 1544 3517 ep.
1562 3474 1626 3507 IV
1636 3480 1666 3508 et
1689 3475 1823 3507 initium
1848 3474 1991 3506 alterius
2016 3473 2173 3504 lucustam
2198 3482 2266 3505 esse
2291 3471 2387 3503 etiam

178 3564 219 3586 ea
242 3566 328 3596 quae
353 3562 539 3598 sequuntur
562 3557 743 3590 ostendunt
835 3559 1006 3601 appetitur
1026 3557 1058 3589 L
1151 3557 1271 3589 iuditio
1295 3553 1361 3588 CF
1456 3556 1621 3588 maiorum
1646 3556 1770 3588 iudicio
1795 3554 1876 3586 adel.
1900 3565 1925 3586 3.
1949 3554 1970 3586 l.
2001 3553 2045 3584 Τ1
2140 3552 2336 3584 reitiebatur
2359 3549 2396 3581 F

177 3634 430 3669 adolescentum
456 3633 586 3669 TG'FP
732 3636 779 3670 24
802 3605 966 3671 textilibus
985 3638 1021 3670 F
1029 3638 1039 3656 ¹
1136 3640 1359 3679 conparantes
1386 3634 1415 3667 O
1514 3635 1595 3667 inde
1619 3636 1662 3667 ab
1687 3635 1770 3667 bant
1793 3634 1928 3676 eloquia
1952 3633 2058 3664 exitus
2082 3631 2174 3673 epist.
2202 3630 2270 3673 des.
2296 3630 2330 3661 in
2356 3628 2393 3660 F

179 3713 417 3759 intelligebant
441 3718 487 3750 M
489 3715 586 3750 TCF
