2583 4011
116 353 139 390 N)

185 172 265 210 244
1043 165 1223 200 smoun
1249 165 1510 200 cARMlNUM

185 282 338 336 quibus
371 280 495 321 lectis
529 279 689 336 oppido
723 281 869 322 scires.
903 281 982 321 etsi
1018 280 1188 335 utrique
1220 283 1414 321 nostrum
1448 280 1680 335 disparatis
1712 292 1850 334 aequo
1882 280 2126 334 plusculum
2158 281 2264 322 locis
2292 281 2378 322 Lar

184 350 407 390 familiaris
450 349 669 390 incolitur.
717 363 797 389 non
840 349 999 390 idcirco
1039 355 1124 390 tam
1164 349 1286 390 nobis
1330 349 1519 391 animum
1559 348 1772 389 dissidere
1815 362 1942 403 quam
1984 349 2179 404 patriam.
2240 350 2377 391 habes

183 419 313 471 igitur
344 418 410 458 hic
434 417 674 472 Dionysum
708 418 820 459 inter
852 418 1054 473 triumphi
1078 418 1217 459 Indici
1251 419 1570 459 oblectamenta
1601 420 1884 461 marcentem:
1918 417 2052 459 habes
2075 423 2118 459 et
2139 419 2376 469 Phoebum,

184 500 311 541 quem
344 487 422 527 tibi
456 486 545 527 iure
579 487 748 542 poetico
782 487 1037 541 inquilinum
1071 486 1232 528 factum
1265 491 1435 528 constat
1468 501 1521 527 ex
1555 487 1750 535 numine,
1793 486 1914 527 illum
1955 487 2119 529 scilicet
2149 487 2377 529 Phoebum

188 555 395 596 Anthedii
427 556 510 596 mei
544 556 893 611 perfamiliarem.
928 557 1047 596 cuius
1081 556 1266 610 collegio
1299 556 1366 596 vir
1397 555 1643 610 praefectus
1676 569 1760 596 non
1792 554 1920 596 modo
1952 556 2139 597 musicos
2171 569 2378 611 quosque,
2433 565 2447 587 ⁵

183 638 333 664 verum
385 625 514 665 etiam
565 629 828 679 geometras.
883 623 1180 664 arithmeticos
1228 627 1271 665 et
1317 624 1560 677 astrologos
1603 623 1842 665 disserendi
1891 628 1983 665 arte
2025 624 2294 679 supervenit;
2344 625 2380 665 si

185 691 359 746 quidem
393 693 557 733 nullum
591 693 671 734 hoc
706 693 904 734 exactius
939 696 1204 747 compertum
1237 692 1399 733 habere
1423 692 1679 743 censuerim,
1713 691 1813 746 quid
1839 691 1984 733 sidera
2006 691 2169 733 zodiaci
2193 693 2380 748 obliqua,

184 760 284 815 quid
318 762 587 815 planetarum
621 775 752 815 vaga.
796 761 895 816 quid
930 761 1088 802 exotici
1123 775 1268 816 sparsa
1305 761 1600 816 praevaleant.
1663 775 1759 802 nam
1794 761 1854 802 ita
1885 761 1969 812 liis,
2008 764 2055 801 ut
2087 761 2148 802 sic
2182 761 2379 814 dixerim,

184 830 388 870 membris
423 829 722 884 philosophiae
756 830 903 872 claret.
937 834 983 870 ut
1015 830 1212 871 videatur
1243 829 1349 870 mihi
1383 829 1596 870 Iulianum
1624 829 1872 881 Vertacum,
1906 829 2153 871 Fullonium
2182 829 2378 871 Saturni-

184 912 306 939 num.
349 898 388 938 in
422 898 542 938 libris
576 898 824 939 matheseos
866 899 1152 953 peritissimos
1196 898 1464 948 conditores,
1509 898 1673 952 absque
1714 898 1949 953 interprete
1990 899 2166 953 ingenio
2210 903 2379 940 tantum

185 968 449 1020 suffragante
491 965 710 1007 didicisse.
780 981 857 1007 nos
901 967 1082 1021 vestigia
1137 966 1359 1009 doctrinae
1404 967 1539 1022 ipsius
1584 966 1814 1008 adorantes
1858 981 2002 1008 coram
2044 980 2201 1008 canoro
2246 982 2381 1023 cygno

185 1049 332 1075 ravum
365 1049 565 1075 anserem
596 1035 860 1089 profitemur.

322 1102 434 1149 Quid
467 1108 508 1144 te
548 1105 734 1159 amplius
776 1108 942 1145 moror?
990 1104 1184 1159 Burgum
1226 1108 1365 1151 tuam,
1410 1117 1491 1158 quo
1533 1104 1625 1144 iure
1666 1104 1852 1145 amicum
1891 1103 2056 1155 decuit,
2101 1119 2242 1146 meam
2284 1105 2383 1157 feci,

185 1172 319 1227 probe
355 1173 497 1213 sciens
531 1173 599 1213 vel
633 1173 858 1214 materiam
893 1173 971 1214 tibi
1006 1188 1103 1214 esse
1138 1173 1407 1229 placituram,
1441 1173 1611 1213 etiamsi
1646 1187 1700 1214 ex
1734 1173 1873 1214 solido
1907 1187 2062 1228 poema
2095 1173 2335 1229 displiceat.

902 1413 1142 1455 BURGUS
1174 1414 1379 1455 PONTII
1411 1413 1672 1455 LEONTII.

736 1503 937 1563 Bffloxn
973 1522 1191 1563 stabulum
1224 1523 1354 1577 regis,
1387 1522 1598 1564 Busiridis
1631 1537 1742 1574 aras,

672 1591 937 1646 Antiphatae
971 1605 1144 1632 mensas
1178 1596 1221 1632 et
1253 1591 1440 1632 Taurica
1472 1605 1605 1646 regna
1639 1591 1848 1632 Thoantis

673 1664 802 1714 atque
834 1659 974 1700 Ithaci
1006 1660 1182 1715 ingenio
1217 1660 1460 1701 fraudatum
1492 1660 1590 1701 luce
1624 1659 1816 1715 Cyclopa

675 1733 918 1783 portantem
951 1728 1105 1769 frontis
1138 1742 1290 1784 campo
1323 1742 1401 1784 per
1433 1742 1624 1769 concava
1654 1729 1810 1769 montis

615 1808 627 1829 1·
672 1811 750 1852 par
780 1812 914 1853 prope
949 1798 1176 1839 transfossi
1208 1799 1487 1839 tenebrosum
1519 1798 1691 1839 luminis
1723 1802 1906 1849 antrum,

676 1867 851 1922 hospes,
885 1867 968 1916 adi,
1002 1868 1035 1908 si
1068 1868 1162 1922 quis
1195 1867 1390 1922 Burgum
1423 1867 1635 1908 taciturus
1669 1866 1810 1907 adisti.

675 1940 717 1975 et
748 1936 851 1976 licet
883 1936 926 1976 in
959 1950 1133 1977 carmen
1163 1950 1249 1977 non
1280 1936 1443 1991 passim
1474 1936 1595 1977 laxet
1626 1935 1820 1976 habenas

673 2003 878 2045 Phoebus
912 2009 955 2045 et
988 2005 1056 2045 hic
1089 2005 1191 2046 totis
1225 2019 1310 2046 non
1342 2004 1504 2060 pandat
1537 2005 1718 2046 carbasa
1749 2004 1880 2055 fandi,

674 2074 854 2128 quisque
887 2078 1033 2115 tamen
1065 2078 1208 2115 tantos
1240 2089 1326 2115 non
1359 2074 1539 2115 laudans
1573 2088 1647 2115 ore
1680 2078 1862 2129 penates

602 2152 631 2173 1⁰
675 2143 867 2198 inspicis,
900 2143 1142 2198 inspiceris:
1178 2148 1355 2185 resonat
1387 2143 1480 2185 sine
1515 2157 1618 2184 voce
1651 2143 1869 2190 voluntas,

674 2226 772 2252 nam
806 2216 880 2253 tua
912 2216 955 2253 te
989 2213 1167 2254 tacitum
1199 2213 1334 2254 livere
1367 2212 1540 2253 silentia
1572 2212 1774 2253 clamant.

737 2280 854 2334 Ergo
888 2295 983 2335 age,
1015 2281 1196 2333 Pierias,
1229 2281 1379 2333 Erato,
1411 2281 1515 2322 mihi
1548 2284 1726 2336 percute
1760 2279 1967 2322 chordas:

676 2355 936 2405 responsent
969 2350 1126 2405 Satyri,
1162 2350 1429 2405 digitumque
1462 2350 1705 2406 pedemque
1737 2353 1963 2390 moventes

677 2418 830 2460 ludant
863 2424 906 2460 et
937 2420 1122 2461 tremulo
1156 2434 1241 2461 non
1275 2424 1478 2475 rumpant
1511 2419 1679 2460 cantica
1711 2419 1836 2459 saltu.

603 2499 631 2520 171
677 2488 880 2543 quicquid
912 2489 1023 2530 forte
1045 2489 1188 2544 Dryas
1212 2490 1280 2530 vel
1313 2488 1514 2544 quicquid
1537 2488 1813 2543 Hamadryas
1840 2502 2044 2542 umquam

676 2558 856 2598 conexis
891 2557 1065 2599 sibimet
1097 2558 1257 2599 festum
1290 2559 1490 2614 plausere
1522 2557 1727 2614 Napaeis,

677 2626 926 2682 dependant
958 2627 1098 2674 modo,
1131 2627 1293 2683 Burgc,
1327 2628 1420 2675 tibi,
1454 2628 1523 2669 vel
1554 2627 1715 2668 Naidas
1748 2627 1855 2678 istic,

676 2695 912 2737 Nereidum
947 2696 1102 2737 chorus
1134 2697 1261 2749 alme,
1295 2697 1414 2744 doce,
1448 2711 1543 2738 cum
1576 2697 1688 2738 forte
1722 2696 1943 2737 Garumna.

678 2766 761 2806 huc
795 2765 1006 2807 redeunte
1039 2767 1162 2807 venis
1195 2771 1460 2822 pontumque
1492 2767 1533 2807 in
1566 2766 1740 2806 flumine
1774 2766 1930 2807 sulcas.

601 2847 634 2867 2⁴·
676 2834 816 2890 pande
850 2835 981 2889 igitur
1012 2849 1178 2881 causas,
1211 2835 1357 2883 Erato,
1391 2836 1639 2891 laribusque
1673 2836 1726 2875 sit
1758 2834 1838 2875 ede

677 2904 769 2958 quis
801 2904 974 2958 genius:
1009 2908 1173 2945 tantum
1206 2919 1291 2945 non
1325 2908 1390 2945 est
1422 2905 1515 2946 sine
1548 2904 1750 2959 praesule
1784 2904 1969 2944 culmen.

330 3124 350 3154 2
380 3123 565 3155 samuliaris
584 3123 638 3154 J'a
725 3123 892 3155 disscdcrc
911 3122 944 3154 P
1072 3121 1092 3154 3
1118 3121 1236 3166 igitur]
1264 3134 1344 3166 crgo
1363 3122 1400 3154 F
1527 3120 1549 3153 4
1574 3122 1645 3154 iure
1671 3122 1731 3154 tibi
1749 3121 1786 3153 F
1868 3121 1997 3154 scilicet
2021 3133 2084 3154 07η.
2106 3120 2134 3153 C
2261 3119 2282 3152 ἴ)
2307 3132 2389 3163 quo-

195 3192 259 3222 quc
287 3180 318 3212 P
483 3179 503 3211 G
535 3180 766 3213 aritlnncricos
792 3180 831 3221 1¹,
870 3181 1098 3213 athrimeticos
1132 3180 1162 3211 'J'
1318 3178 1337 3212 7
1370 3180 1560 3212 consum-im
1589 3180 1617 3211 C
1728 3179 1879 3220 obliquet
1910 3178 1941 3209 T
2097 3176 2118 3210 8
2150 3178 2281 3210 exotica
2308 3176 2394 3210 CbP

193 3236 248 3277 ital
283 3246 314 3269 tc
340 3238 371 3269 P
486 3238 513 3269 is
541 3238 569 3269 C
738 3236 758 3267 9
792 3237 915 3269 Iulium
948 3237 1131 3269 Fir-micum
1166 3237 1282 3268 inserit
1309 3242 1388 3278 post
1417 3237 1498 3268 mihi
1534 3236 1717 3268 Vaticanus
1743 3238 1827 3268 3421
2008 3234 2051 3267 10
2082 3235 2261 3267 folloninm
2291 3234 2389 3267 codd.

196 3295 232 3326 11
263 3296 432 3327 doctrinae
458 3306 520 3325 om.
542 3296 570 3327 (J
708 3293 748 3326 13
773 3300 869 3326 tuum
890 3294 953 3325 CF
1088 3295 1300 3325 EXPLICIT
1326 3283 1544 3326 El'ISTOLA
1571 3299 1706 3333 atram„
1737 3298 1805 3324 ium
1832 3293 1954 3335 Incipit
1976 3292 2106 3334 burgus
2134 3291 2247 3323 Poncii
2272 3291 2389 3324 leontii

194 3353 285 3383 rubr.
304 3353 403 3384 [ww.
422 3352 455 3383 in
477 3352 518 3388 C,-
543 3352 754 3383 EXPLICIT
781 3350 899 3383 EPEA
925 3352 1159 3394 subscriptum,
1184 3352 1243 3383 sed
1266 3363 1334 3383 mm
1360 3362 1456 3382 versu
1481 3363 1552 3382 roc.
1571 3351 1744 3392 inscriptio
1770 3361 1833 3381 om.
1850 3350 1886 3381 in
1905 3349 1950 3388 I';
1975 3351 2110 3391 Burgus
2136 3349 2246 3391 poncii
2271 3349 2386 3381 leontii

194 3410 310 3451 incipit
328 3408 377 3440 F:
404 3409 474 3440 εἰ-ιε
492 3409 591 3440 inser.
616 3408 646 3439 'l'
773 3408 787 3439 l
817 3409 952 3440 isthonii
978 3409 1035 3448 T1,
1061 3409 1220 3451 pisthonii
1245 3409 1293 3440 T2
1377 3408 1546 3440 lmshidis
1567 3407 1609 3440 0¹
1740 3406 1762 3438 2
1787 3407 1934 3439 tonantis
1952 3405 1989 3437 F
2111 3404 2132 3437 3
2150 3406 2289 3448 cyclopa
2307 3402 2389 3446 Leo]

194 3467 369 3508 cyclopum
395 3466 504 3506 codd„
536 3466 709 3508 cyclopem
734 3466 832 3507 rulyo
1003 3465 1024 3495 ἴ)
1053 3466 1210 3497 tranfossi
1239 3466 1286 3497 Ca
1464 3463 1482 3495 7
1512 3465 1661 3497 abhenas
1690 3464 1725 3504 C,
1759 3464 1900 3496 habenis
1927 3462 1981 3494 Pa
2151 3462 2172 3493 ὃ
2205 3467 2296 3494 totus
2328 3460 2395 3494 TF

197 3523 239 3554 1⁴)
264 3521 360 3565 voce]
387 3524 453 3554 {inc
479 3522 511 3554 P
651 3522 692 3554 15}
718 3523 808 3565 sayri
838 3523 874 3554 F
1011 3521 1051 3555 14
1077 3523 1215 3555 laudant
1245 3524 1272 3551 (ι’
1361 3522 1509 3554 canticas
1534 3522 1606 3553 altu
1631 3520 1665 3552 P
1789 3520 1844 3552 ‘15
1867 3521 2043 3562 amadryas
2075 3519 2111 3560 T,
2135 3519 2300 3551 amadrias
2322 3518 2390 3558 CP,

192 3580 370 3612 amadritas
397 3579 432 3611 F
591 3579 632 3612 1⁴3
664 3580 824 3623 naphaeis
856 3580 958 3619 Tl’F,
992 3581 1123 3623 inplieis
1152 3582 1179 3612 C
1348 3578 1388 3611 17
1415 3579 1609 3622 *ependant
1637 3579 1681 3609 (¹¹
1855 3577 1896 3610 18
1927 3588 2082 3620 garunna
2109 3576 2148 3615 P,
2181 3587 2331 3619 garonna
2363 3576 2392 3608 C'

197 3640 237 3672 1ἵὶ
264 3638 368 3668 siccas
402 3637 449 3668 Ta

2417 908 2450 933 lo
