<?xml version="1.0" encoding="UTF-8"?>
<!DOCTYPE html PUBLIC "-//W3C//DTD XHTML 1.0 Transitional//EN"
    "http://www.w3.org/TR/xhtml1/DTD/xhtml1-transitional.dtd">
<html xmlns="http://www.w3.org/1999/xhtml" xml:lang="en" lang="en">
 <head>
  <title>
</title>
<meta http-equiv="Content-Type" content="text/html;charset=utf-8" />
  <meta name='ocr-system' content='tesseract 3.04.00' />
  <meta name='ocr-capabilities' content='ocr_page ocr_carea ocr_par ocr_line ocrx_word'/>
</head>
<body>
  <div class='ocr_page' id='page_1' title='image "./monumentager08geseuoft_0414.png"; bbox 0 0 2583 4011; ppageno 0'>
   <div class='ocr_carea' id='block_1_1' title="bbox 144 1033 167 1070">
    <p class='ocr_par' dir='ltr' id='par_1_1' title="bbox 144 1033 167 1070">
     <span class='ocr_line' id='line_1_1' title="bbox 144 1033 167 1070; textangle 90"><span class='ocrx_word' id='word_1_1' title='bbox 144 1033 167 1070; x_wconf 62' lang='lat'>¹0</span> 
     </span>
    </p>
   </div>
   <div class='ocr_carea' id='block_1_2' title="bbox 137 1653 158 1689">
    <p class='ocr_par' dir='ltr' id='par_1_2' title="bbox 137 1653 158 1689">
     <span class='ocr_line' id='line_1_2' title="bbox 137 1653 158 1689; textangle 90"><span class='ocrx_word' id='word_1_2' title='bbox 137 1653 158 1689; x_wconf 56' lang='lat'>22:</span> 
     </span>
    </p>
   </div>
   <div class='ocr_carea' id='block_1_3' title="bbox 127 2564 150 2600">
    <p class='ocr_par' dir='ltr' id='par_1_3' title="bbox 127 2564 150 2600">
     <span class='ocr_line' id='line_1_3' title="bbox 127 2564 150 2600; textangle 90"><span class='ocrx_word' id='word_1_3' title='bbox 127 2564 150 2600; x_wconf 57' lang='lat' dir='ltr'>Na</span> 
     </span>
    </p>
   </div>
   <div class='ocr_carea' id='block_1_4' title="bbox 125 2976 147 3011">
    <p class='ocr_par' dir='ltr' id='par_1_4' title="bbox 125 2976 147 3011">
     <span class='ocr_line' id='line_1_4' title="bbox 125 2976 147 3011; textangle 90"><span class='ocrx_word' id='word_1_4' title='bbox 125 2976 147 3011; x_wconf 66' lang='lat' dir='ltr'>e:</span> 
     </span>
    </p>
   </div>
   <div class='ocr_carea' id='block_1_5' title="bbox 221 198 1583 248">
    <p class='ocr_par' dir='ltr' id='par_1_5' title="bbox 221 198 1583 248">
     <span class='ocr_line' id='line_1_5' title="bbox 221 198 1583 248; baseline -0.007 0"><span class='ocrx_word' id='word_1_5' title='bbox 221 208 300 248; x_wconf 79' lang='lat'>316</span> <span class='ocrx_word' id='word_1_6' title='bbox 1033 201 1217 239; x_wconf 80' lang='lat' dir='ltr'><strong>RURICII</strong></span> <span class='ocrx_word' id='word_1_7' title='bbox 1240 198 1583 240; x_wconf 80' lang='lat' dir='ltr'>EPISTULARUM</span> 
     </span>
    </p>
   </div>
   <div class='ocr_carea' id='block_1_6' title="bbox 1269 419 1347 463">
    <p class='ocr_par' dir='ltr' id='par_1_6' title="bbox 1269 419 1347 463">
     <span class='ocr_line' id='line_1_6' title="bbox 1269 419 1347 463; baseline 0.026 -3"><span class='ocrx_word' id='word_1_8' title='bbox 1269 419 1347 463; x_wconf 86' lang='lat' dir='ltr'>VI.</span> 
     </span>
    </p>
   </div>
   <div class='ocr_carea' id='block_1_7' title="bbox 414 521 2208 635">
    <p class='ocr_par' dir='ltr' id='par_1_7' title="bbox 414 521 2208 635">
     <span class='ocr_line' id='line_1_7' title="bbox 414 521 2208 566; baseline 0.003 -5"><span class='ocrx_word' id='word_1_9' title='bbox 414 521 625 564; x_wconf 78' lang='lat' dir='ltr'>DoMNO</span> <span class='ocrx_word' id='word_1_10' title='bbox 660 521 772 564; x_wconf 57' lang='lat' dir='ltr'>SUO</span> <span class='ocrx_word' id='word_1_11' title='bbox 805 523 881 564; x_wconf 77' lang='lat' dir='ltr'>ET</span> <span class='ocrx_word' id='word_1_12' title='bbox 912 523 1240 565; x_wconf 62' lang='lat' dir='ltr'>PEOVLIARI</span> <span class='ocrx_word' id='word_1_13' title='bbox 1272 523 1334 564; x_wconf 91' lang='lat' dir='ltr'>IN</span> <span class='ocrx_word' id='word_1_14' title='bbox 1367 522 1626 564; x_wconf 74' lang='lat' dir='ltr'>onmsTo</span> <span class='ocrx_word' id='word_1_15' title='bbox 1658 521 1893 564; x_wconf 90' lang='lat' dir='ltr'>DOMINO</span> <span class='ocrx_word' id='word_1_16' title='bbox 1926 522 2208 566; x_wconf 82' lang='lat' dir='ltr'><strong>PATRONO</strong></span> 
     </span>
     <span class='ocr_line' id='line_1_8' title="bbox 634 591 1992 635; baseline 0.001 -2"><span class='ocrx_word' id='word_1_17' title='bbox 634 592 978 633; x_wconf 72' lang='lat' dir='ltr'>CHRONOPlo</span> <span class='ocrx_word' id='word_1_18' title='bbox 1012 592 1302 634; x_wconf 81' lang='lat' dir='ltr'>EPISCOPO</span> <span class='ocrx_word' id='word_1_19' title='bbox 1334 592 1620 633; x_wconf 65' lang='lat' dir='ltr'><strong>RURIOI‘US</strong></span> <span class='ocrx_word' id='word_1_20' title='bbox 1653 591 1992 635; x_wconf 78' lang='lat' dir='ltr'>EPISOOPUS.</span> 
     </span>
    </p>
   </div>
   <div class='ocr_carea' id='block_1_8' title="bbox 201 670 2401 2051">
    <p class='ocr_par' dir='ltr' id='par_1_8' title="bbox 201 670 2401 2051">
     <span class='ocr_line' id='line_1_9' title="bbox 355 670 2401 748; baseline 0.003 -20"><span class='ocrx_word' id='word_1_21' title='bbox 355 670 411 730; x_wconf 70' lang='lat' dir='ltr'>Ix</span> <span class='ocrx_word' id='word_1_22' title='bbox 450 689 686 730; x_wconf 83' lang='lat' dir='ltr'>ordinando</span> <span class='ocrx_word' id='word_1_23' title='bbox 729 704 861 743; x_wconf 77' lang='lat' dir='ltr'>grege</span> <span class='ocrx_word' id='word_1_24' title='bbox 904 689 1118 730; x_wconf 87' lang='lat' dir='ltr'>dominico</span> <span class='ocrx_word' id='word_1_25' title='bbox 1157 691 1225 731; x_wconf 76' lang='lat' dir='ltr'>vel</span> <span class='ocrx_word' id='word_1_26' title='bbox 1267 690 1456 745; x_wconf 89' lang='lat' dir='ltr'>regendo</span> <span class='ocrx_word' id='word_1_27' title='bbox 1498 690 1610 730; x_wconf 88' lang='lat' dir='ltr'>inter</span> <span class='ocrx_word' id='word_1_28' title='bbox 1642 690 1937 745; x_wconf 80' lang='lat' dir='ltr'>speculatores</span> <span class='ocrx_word' id='word_1_29' title='bbox 1970 693 2098 745; x_wconf 90' lang='lat' dir='ltr'>atque</span> <span class='ocrx_word' id='word_1_30' title='bbox 2130 693 2401 748; x_wconf 88' lang='lat' dir='ltr'>praepositos</span> 
     </span>
     <span class='ocr_line' id='line_1_10' title="bbox 215 758 2401 815; baseline 0.004 -19"><span class='ocrx_word' id='word_1_31' title='bbox 215 771 297 797; x_wconf 84' lang='lat' dir='ltr'>non</span> <span class='ocrx_word' id='word_1_32' title='bbox 342 759 637 814; x_wconf 67' lang='lat' dir='ltr'>praesumptio</span> <span class='ocrx_word' id='word_1_33' title='bbox 676 758 807 799; x_wconf 73' lang='lat' dir='ltr'>(lebet</span> <span class='ocrx_word' id='word_1_34' title='bbox 848 772 942 799; x_wconf 84' lang='lat' dir='ltr'>esse</span> <span class='ocrx_word' id='word_1_35' title='bbox 985 759 1060 799; x_wconf 88' lang='lat' dir='ltr'>sed</span> <span class='ocrx_word' id='word_1_36' title='bbox 1102 760 1206 799; x_wconf 87' lang='lat' dir='ltr'>ratio</span> <span class='ocrx_word' id='word_1_37' title='bbox 1247 764 1290 800; x_wconf 92' lang='lat' dir='ltr'>et</span> <span class='ocrx_word' id='word_1_38' title='bbox 1333 760 1385 800; x_wconf 91' lang='lat' dir='ltr'>de</span> <span class='ocrx_word' id='word_1_39' title='bbox 1425 758 1618 800; x_wconf 89' lang='lat' dir='ltr'>custodia</span> <span class='ocrx_word' id='word_1_40' title='bbox 1657 758 1903 799; x_wconf 91' lang='lat' dir='ltr'>sollicitudo</span> <span class='ocrx_word' id='word_1_41' title='bbox 1945 773 2031 799; x_wconf 87' lang='lat' dir='ltr'>non</span> <span class='ocrx_word' id='word_1_42' title='bbox 2063 759 2115 800; x_wconf 92' lang='lat' dir='ltr'>de</span> <span class='ocrx_word' id='word_1_43' title='bbox 2147 762 2401 815; x_wconf 80' lang='lat' dir='ltr'>pervasione</span> 
     </span>
     <span class='ocr_line' id='line_1_11' title="bbox 215 828 2399 885; baseline 0.003 -20"><span class='ocrx_word' id='word_1_44' title='bbox 215 828 452 868; x_wconf 72' lang='lat' dir='ltr'>eontentio,</span> <span class='ocrx_word' id='word_1_45' title='bbox 495 842 547 868; x_wconf 90' lang='lat' dir='ltr'>ne</span> <span class='ocrx_word' id='word_1_46' title='bbox 582 828 975 868; x_wconf 85' lang='lat' dir='ltr'>mereennariorum</span> <span class='ocrx_word' id='word_1_47' title='bbox 1009 828 1194 869; x_wconf 85' lang='lat' dir='ltr'>subeant</span> <span class='ocrx_word' id='word_1_48' title='bbox 1225 832 1390 880; x_wconf 68' lang='lat' dir='ltr'>notam,</span> <span class='ocrx_word' id='word_1_49' title='bbox 1431 828 1531 868; x_wconf 90' lang='lat' dir='ltr'>dum</span> <span class='ocrx_word' id='word_1_50' title='bbox 1562 832 1782 883; x_wconf 88' lang='lat' dir='ltr'>pastorum</span> <span class='ocrx_word' id='word_1_51' title='bbox 1815 841 1900 868; x_wconf 90' lang='grc'><strong>11011</strong></span> <span class='ocrx_word' id='word_1_52' title='bbox 1931 831 2083 868; x_wconf 89' lang='lat' dir='ltr'>tenent</span> <span class='ocrx_word' id='word_1_53' title='bbox 2115 828 2399 885; x_wconf 77' lang='lat' dir='ltr'>disciplinam,</span> 
     </span>
     <span class='ocr_line' id='line_1_12' title="bbox 214 896 2399 953; baseline 0.003 -19"><span class='ocrx_word' id='word_1_54' title='bbox 214 901 256 935; x_wconf 84' lang='lat' dir='ltr'>et</span> <span class='ocrx_word' id='word_1_55' title='bbox 289 896 574 937; x_wconf 74' lang='lat' dir='ltr'>inveniantur.</span> <span class='ocrx_word' id='word_1_56' title='bbox 608 897 715 936; x_wconf 80' lang='lat' dir='ltr'>sieut</span> <span class='ocrx_word' id='word_1_57' title='bbox 747 897 970 950; x_wconf 86' lang='lat' dir='ltr'>apostolus</span> <span class='ocrx_word' id='word_1_58' title='bbox 1003 896 1119 942; x_wconf 76' lang='lat' dir='ltr'>dicit,</span> <span class='ocrx_word' id='word_1_59' title='bbox 1161 910 1245 937; x_wconf 90' lang='lat' dir='ltr'>non</span> <span class='ocrx_word' id='word_1_60' title='bbox 1277 896 1437 937; x_wconf 81' lang='lat' dir='ltr'>Christi</span> <span class='ocrx_word' id='word_1_61' title='bbox 1467 897 1648 951; x_wconf 81' lang='lat' dir='ltr'>gloriam</span> <span class='ocrx_word' id='word_1_62' title='bbox 1682 897 1888 938; x_wconf 79' lang='lat' dir='ltr'>affectare</span> <span class='ocrx_word' id='word_1_63' title='bbox 1922 896 1998 938; x_wconf 91' lang='lat' dir='ltr'>sed</span> <span class='ocrx_word' id='word_1_64' title='bbox 2029 898 2261 953; x_wconf 78' lang='lat' dir='ltr'>propriam,</span> <span class='ocrx_word' id='word_1_65' title='bbox 2300 899 2399 941; x_wconf 92' lang='lat' dir='ltr'>dum</span> 
     </span>
     <span class='ocr_line' id='line_1_13' title="bbox 213 964 2398 1023; baseline 0.003 -21"><span class='ocrx_word' id='word_1_66' title='bbox 213 965 376 1004; x_wconf 79' lang='lat' dir='ltr'>malunt</span> <span class='ocrx_word' id='word_1_67' title='bbox 409 965 461 1005; x_wconf 83' lang='lat' dir='ltr'>ab</span> <span class='ocrx_word' id='word_1_68' title='bbox 496 964 737 1005; x_wconf 81' lang='lat' dir='ltr'>hominibus</span> <span class='ocrx_word' id='word_1_69' title='bbox 770 965 994 1019; x_wconf 78' lang='lat' dir='ltr'>percipere</span> <span class='ocrx_word' id='word_1_70' title='bbox 1032 964 1203 1005; x_wconf 87' lang='lat' dir='ltr'>laudem</span> <span class='ocrx_word' id='word_1_71' title='bbox 1245 979 1371 1020; x_wconf 89' lang='lat' dir='ltr'>quam</span> <span class='ocrx_word' id='word_1_72' title='bbox 1404 965 1633 1006; x_wconf 88' lang='lat' dir='ltr'>a-domino</span> <span class='ocrx_word' id='word_1_73' title='bbox 1673 970 1931 1020; x_wconf 89' lang='lat' dir='ltr'>exspectare</span> <span class='ocrx_word' id='word_1_74' title='bbox 1970 966 2234 1019; x_wconf 83' lang='lat' dir='ltr'>mercedem,</span> <span class='ocrx_word' id='word_1_75' title='bbox 2274 982 2398 1023; x_wconf 87' lang='lat' dir='ltr'>prae-</span> 
     </span>
     <span class='ocr_line' id='line_1_14' title="bbox 212 1033 2397 1091; baseline 0.004 -22"><span class='ocrx_word' id='word_1_76' title='bbox 212 1033 342 1073; x_wconf 73' lang='lat' dir='ltr'>sentis</span> <span class='ocrx_word' id='word_1_77' title='bbox 376 1035 638 1088; x_wconf 70' lang='lat' dir='ltr'>appetitores</span> <span class='ocrx_word' id='word_1_78' title='bbox 670 1033 778 1073; x_wconf 88' lang='lat' dir='ltr'>lucri</span> <span class='ocrx_word' id='word_1_79' title='bbox 811 1038 853 1073; x_wconf 87' lang='lat' dir='ltr'>et</span> <span class='ocrx_word' id='word_1_80' title='bbox 884 1033 1064 1088; x_wconf 90' lang='lat' dir='ltr'>praemii</span> <span class='ocrx_word' id='word_1_81' title='bbox 1103 1038 1426 1089; x_wconf 77' lang='lat' dir='ltr'>contemptores</span> <span class='ocrx_word' id='word_1_82' title='bbox 1465 1034 1645 1076; x_wconf 88' lang='lat' dir='ltr'>aeterni.</span> <span class='ocrx_word' id='word_1_83' title='bbox 1705 1034 1839 1083; x_wconf 89' lang='lat' dir='ltr'>unde,</span> <span class='ocrx_word' id='word_1_84' title='bbox 1878 1034 1988 1075; x_wconf 90' lang='lat' dir='ltr'>sicut</span> <span class='ocrx_word' id='word_1_85' title='bbox 2026 1034 2140 1075; x_wconf 90' lang='lat' dir='ltr'>idem</span> <span class='ocrx_word' id='word_1_86' title='bbox 2178 1036 2397 1091; x_wconf 87' lang='lat' dir='ltr'>apostolus</span> 
     </span>
     <span class='ocr_line' id='line_1_15' title="bbox 211 1100 2397 1157; baseline 0.003 -18"><span class='ocrx_word' id='word_1_87' title='bbox 211 1100 352 1142; x_wconf 69' lang='lat' dir='ltr'>docet.</span> <span class='ocrx_word' id='word_1_88' title='bbox 394 1102 427 1141; x_wconf 81' lang='lat' dir='ltr'>si</span> <span class='ocrx_word' id='word_1_89' title='bbox 466 1101 645 1155; x_wconf 80' lang='lat' dir='ltr'>pacifica</span> <span class='ocrx_word' id='word_1_90' title='bbox 683 1101 736 1142; x_wconf 83' lang='lat' dir='ltr'>ad</span> <span class='ocrx_word' id='word_1_91' title='bbox 770 1115 877 1156; x_wconf 90' lang='lat' dir='ltr'>opus</span> <span class='ocrx_word' id='word_1_92' title='bbox 912 1106 1106 1142; x_wconf 84' lang='lat' dir='ltr'>sanctum</span> <span class='ocrx_word' id='word_1_93' title='bbox 1139 1103 1474 1157; x_wconf 76' lang='lat' dir='ltr'>congregatione</span> <span class='ocrx_word' id='word_1_94' title='bbox 1508 1102 1763 1154; x_wconf 78' lang='lat' dir='ltr'>concordes,</span> <span class='ocrx_word' id='word_1_95' title='bbox 1805 1104 1839 1143; x_wconf 91' lang='lat' dir='ltr'>si</span> <span class='ocrx_word' id='word_1_96' title='bbox 1873 1103 1963 1144; x_wconf 91' lang='lat' dir='ltr'>sine</span> <span class='ocrx_word' id='word_1_97' title='bbox 1996 1103 2268 1145; x_wconf 75' lang='lat' dir='ltr'>simulatione</span> <span class='ocrx_word' id='word_1_98' title='bbox 2301 1104 2397 1145; x_wconf 86' lang='lat' dir='ltr'>dili-</span> 
     </span>
     <span class='ocr_line' id='line_1_16' title="bbox 209 1170 2398 1228; baseline 0.002 -20"><span class='ocrx_word' id='word_1_99' title='bbox 209 1179 380 1221; x_wconf 69' lang='lat' dir='ltr'>gentes.</span> <span class='ocrx_word' id='word_1_100' title='bbox 424 1170 459 1209; x_wconf 88' lang='lat' dir='ltr'>si</span> <span class='ocrx_word' id='word_1_101' title='bbox 502 1184 597 1210; x_wconf 86' lang='lat' dir='ltr'>eum</span> <span class='ocrx_word' id='word_1_102' title='bbox 637 1170 924 1211; x_wconf 87' lang='lat' dir='ltr'>sollicitudine</span> <span class='ocrx_word' id='word_1_103' title='bbox 970 1171 1284 1223; x_wconf 84' lang='lat' dir='ltr'>ministrantes,</span> <span class='ocrx_word' id='word_1_104' title='bbox 1327 1172 1363 1212; x_wconf 91' lang='lat' dir='ltr'>si</span> <span class='ocrx_word' id='word_1_105' title='bbox 1400 1173 1525 1213; x_wconf 91' lang='lat' dir='ltr'>unius</span> <span class='ocrx_word' id='word_1_106' title='bbox 1566 1172 1717 1227; x_wconf 86' lang='lat' dir='ltr'>capitis</span> <span class='ocrx_word' id='word_1_107' title='bbox 1758 1172 1952 1213; x_wconf 87' lang='lat' dir='ltr'>membra</span> <span class='ocrx_word' id='word_1_108' title='bbox 1994 1186 2162 1224; x_wconf 88' lang='lat' dir='ltr'>sumus,</span> <span class='ocrx_word' id='word_1_109' title='bbox 2206 1174 2398 1228; x_wconf 89' lang='lat' dir='ltr'>corporis</span> 
     </span>
     <span class='ocr_line' id='line_1_17' title="bbox 209 1237 2396 1296; baseline 0.002 -19"><span class='ocrx_word' id='word_1_110' title='bbox 209 1238 470 1279; x_wconf 81' lang='lat' dir='ltr'>unanimiter</span> <span class='ocrx_word' id='word_1_111' title='bbox 502 1237 708 1279; x_wconf 75' lang='lat' dir='ltr'>debemus</span> <span class='ocrx_word' id='word_1_112' title='bbox 743 1253 839 1279; x_wconf 90' lang='lat' dir='ltr'>esse</span> <span class='ocrx_word' id='word_1_113' title='bbox 873 1243 1078 1291; x_wconf 89' lang='lat' dir='ltr'>rectores,</span> <span class='ocrx_word' id='word_1_114' title='bbox 1112 1240 1213 1294; x_wconf 89' lang='lat' dir='ltr'>quia</span> <span class='ocrx_word' id='word_1_115' title='bbox 1245 1241 1394 1281; x_wconf 89' lang='lat' dir='ltr'>caulae</span> <span class='ocrx_word' id='word_1_116' title='bbox 1426 1242 1571 1296; x_wconf 90' lang='lat' dir='ltr'>gregis</span> <span class='ocrx_word' id='word_1_117' title='bbox 1605 1241 1807 1282; x_wconf 90' lang='lat' dir='ltr'>dominici</span> <span class='ocrx_word' id='word_1_118' title='bbox 1836 1245 2019 1296; x_wconf 90' lang='lat' dir='ltr'>possunt</span> <span class='ocrx_word' id='word_1_119' title='bbox 2042 1256 2136 1282; x_wconf 87' lang='lat' dir='ltr'>esse</span> <span class='ocrx_word' id='word_1_120' title='bbox 2160 1243 2396 1283; x_wconf 87' lang='lat' dir='ltr'>numerosi-</span> 
     </span>
     <span class='ocr_line' id='line_1_18' title="bbox 208 1307 2396 1366; baseline 0.003 -21"><span class='ocrx_word' id='word_1_121' title='bbox 208 1312 295 1347; x_wconf 78' lang='lat' dir='ltr'>tate</span> <span class='ocrx_word' id='word_1_122' title='bbox 321 1307 497 1350; x_wconf 77' lang='lat' dir='ltr'>multae.</span> <span class='ocrx_word' id='word_1_123' title='bbox 529 1321 612 1347; x_wconf 91' lang='lat' dir='ltr'>non</span> <span class='ocrx_word' id='word_1_124' title='bbox 646 1307 745 1348; x_wconf 86' lang='lat' dir='ltr'>fidei</span> <span class='ocrx_word' id='word_1_125' title='bbox 778 1308 989 1349; x_wconf 81' lang='lat' dir='ltr'>varietate</span> <span class='ocrx_word' id='word_1_126' title='bbox 1023 1308 1234 1360; x_wconf 88' lang='lat' dir='ltr'>diversae,</span> <span class='ocrx_word' id='word_1_127' title='bbox 1268 1314 1327 1362; x_wconf 73' lang='lat' dir='ltr'>ut,</span> <span class='ocrx_word' id='word_1_128' title='bbox 1362 1311 1472 1351; x_wconf 92' lang='lat' dir='ltr'>sicut</span> <span class='ocrx_word' id='word_1_129' title='bbox 1502 1310 1595 1366; x_wconf 88' lang='lat' dir='ltr'>ipse</span> <span class='ocrx_word' id='word_1_130' title='bbox 1629 1310 1826 1351; x_wconf 89' lang='lat' dir='ltr'>dominus</span> <span class='ocrx_word' id='word_1_131' title='bbox 1858 1311 2165 1365; x_wconf 83' lang='lat' dir='ltr'>praenuntiare</span> <span class='ocrx_word' id='word_1_132' title='bbox 2198 1310 2396 1366; x_wconf 88' lang='lat' dir='ltr'>dignatus</span> 
     </span>
     <span class='ocr_line' id='line_1_19' title="bbox 207 1376 2396 1435; baseline 0.003 -20"><span class='ocrx_word' id='word_1_133' title='bbox 207 1382 293 1416; x_wconf 81' lang='lat' dir='ltr'>est.</span> <span class='ocrx_word' id='word_1_134' title='bbox 342 1390 447 1417; x_wconf 90' lang='lat' dir='ltr'>non.</span> <span class='ocrx_word' id='word_1_135' title='bbox 498 1376 622 1416; x_wconf 90' lang='lat' dir='ltr'>nobis</span> <span class='ocrx_word' id='word_1_136' title='bbox 665 1390 743 1431; x_wconf 89' lang='lat' dir='ltr'>per</span> <span class='ocrx_word' id='word_1_137' title='bbox 784 1377 987 1418; x_wconf 81' lang='lat' dir='ltr'>invidiam</span> <span class='ocrx_word' id='word_1_138' title='bbox 1027 1378 1337 1419; x_wconf 89' lang='lat' dir='ltr'>dissidentibus</span> <span class='ocrx_word' id='word_1_139' title='bbox 1380 1384 1422 1420; x_wconf 90' lang='lat' dir='ltr'>et</span> <span class='ocrx_word' id='word_1_140' title='bbox 1462 1394 1540 1435; x_wconf 88' lang='lat' dir='ltr'>per</span> <span class='ocrx_word' id='word_1_141' title='bbox 1583 1379 1898 1420; x_wconf 90' lang='lat' dir='ltr'>dissensionem</span> <span class='ocrx_word' id='word_1_142' title='bbox 1931 1393 2106 1434; x_wconf 86' lang='lat' dir='ltr'>gregem</span> <span class='ocrx_word' id='word_1_143' title='bbox 2138 1379 2396 1421; x_wconf 90' lang='lat' dir='ltr'>dominicum</span> 
     </span>
     <span class='ocr_line' id='line_1_20' title="bbox 207 1444 2395 1503; baseline 0.003 -20"><span class='ocrx_word' id='word_1_144' title='bbox 207 1444 517 1489; x_wconf 68' lang='lat' dir='ltr'>dividentibus,</span> <span class='ocrx_word' id='word_1_145' title='bbox 557 1446 786 1500; x_wconf 80' lang='lat' dir='ltr'>multiplex</span> <span class='ocrx_word' id='word_1_146' title='bbox 822 1460 899 1502; x_wconf 85' lang='lat' dir='ltr'>per</span> <span class='ocrx_word' id='word_1_147' title='bbox 938 1460 1015 1487; x_wconf 91' lang='lat' dir='ltr'>nos</span> <span class='ocrx_word' id='word_1_148' title='bbox 1055 1447 1243 1488; x_wconf 91' lang='lat' dir='ltr'>schisma</span> <span class='ocrx_word' id='word_1_149' title='bbox 1280 1447 1506 1503; x_wconf 87' lang='lat' dir='ltr'>procedat,</span> <span class='ocrx_word' id='word_1_150' title='bbox 1549 1447 1623 1489; x_wconf 90' lang='lat' dir='ltr'>sed</span> <span class='ocrx_word' id='word_1_151' title='bbox 1657 1447 1794 1502; x_wconf 89' lang='lat' dir='ltr'>magis</span> <span class='ocrx_word' id='word_1_152' title='bbox 1825 1462 1903 1502; x_wconf 89' lang='lat' dir='ltr'>per</span> <span class='ocrx_word' id='word_1_153' title='bbox 1933 1448 2144 1488; x_wconf 90' lang='lat' dir='ltr'>unitatem</span> <span class='ocrx_word' id='word_1_154' title='bbox 2175 1448 2395 1490; x_wconf 89' lang='lat' dir='ltr'>doctrinae</span> 
     </span>
     <span class='ocr_line' id='line_1_21' title="bbox 205 1513 2397 1573; baseline 0.003 -21"><span class='ocrx_word' id='word_1_155' title='bbox 205 1514 408 1568; x_wconf 79' lang='lat' dir='ltr'>simplicis</span> <span class='ocrx_word' id='word_1_156' title='bbox 449 1528 550 1554; x_wconf 78' lang='lat' dir='ltr'>oves</span> <span class='ocrx_word' id='word_1_157' title='bbox 590 1513 825 1555; x_wconf 86' lang='lat' dir='ltr'>dominicas</span> <span class='ocrx_word' id='word_1_158' title='bbox 871 1517 1238 1571; x_wconf 88' lang='lat' dir='ltr'>congregantibus</span> <span class='ocrx_word' id='word_1_159' title='bbox 1280 1517 1355 1557; x_wconf 90' lang='lat' dir='ltr'>fiat</span> <span class='ocrx_word' id='word_1_160' title='bbox 1388 1518 1428 1558; x_wconf 92' lang='lat' dir='ltr'>in</span> <span class='ocrx_word' id='word_1_161' title='bbox 1461 1517 1587 1558; x_wconf 90' lang='lat' dir='ltr'>nobis</span> <span class='ocrx_word' id='word_1_162' title='bbox 1620 1531 1730 1557; x_wconf 90' lang='lat' dir='ltr'>unus</span> <span class='ocrx_word' id='word_1_163' title='bbox 1763 1530 1871 1570; x_wconf 85' lang='lat' dir='ltr'>grex</span> <span class='ocrx_word' id='word_1_164' title='bbox 1905 1520 1948 1556; x_wconf 88' lang='lat' dir='ltr'>et</span> <span class='ocrx_word' id='word_1_165' title='bbox 1979 1530 2088 1557; x_wconf 90' lang='lat' dir='ltr'>unus</span> <span class='ocrx_word' id='word_1_166' title='bbox 2124 1521 2283 1572; x_wconf 87' lang='lat' dir='ltr'>pastor,</span> <span class='ocrx_word' id='word_1_167' title='bbox 2326 1519 2397 1573; x_wconf 89' lang='lat' dir='ltr'>qui</span> 
     </span>
     <span class='ocr_line' id='line_1_22' title="bbox 205 1583 2395 1642; baseline 0.003 -21"><span class='ocrx_word' id='word_1_168' title='bbox 205 1583 316 1622; x_wconf 79' lang='lat' dir='ltr'>sicut</span> <span class='ocrx_word' id='word_1_169' title='bbox 349 1592 414 1622; x_wconf 86' lang='lat' dir='ltr'>est</span> <span class='ocrx_word' id='word_1_170' title='bbox 446 1596 523 1623; x_wconf 87' lang='lat' dir='ltr'>rex</span> <span class='ocrx_word' id='word_1_171' title='bbox 558 1597 708 1637; x_wconf 89' lang='lat' dir='ltr'>regum</span> <span class='ocrx_word' id='word_1_172' title='bbox 742 1589 785 1624; x_wconf 91' lang='lat' dir='ltr'>et</span> <span class='ocrx_word' id='word_1_173' title='bbox 816 1583 1011 1626; x_wconf 90' lang='lat' dir='ltr'>dominus</span> <span class='ocrx_word' id='word_1_174' title='bbox 1045 1585 1371 1638; x_wconf 86' lang='lat' dir='ltr'>dominantium,</span> <span class='ocrx_word' id='word_1_175' title='bbox 1406 1586 1608 1628; x_wconf 90' lang='lat' dir='ltr'>sacerdos</span> <span class='ocrx_word' id='word_1_176' title='bbox 1642 1585 1915 1627; x_wconf 87' lang='lat' dir='ltr'>sacerdotum</span> <span class='ocrx_word' id='word_1_177' title='bbox 1949 1589 1992 1627; x_wconf 91' lang='lat' dir='ltr'>et</span> <span class='ocrx_word' id='word_1_178' title='bbox 2022 1586 2222 1641; x_wconf 84' lang='lat' dir='ltr'>pontifex</span> <span class='ocrx_word' id='word_1_179' title='bbox 2253 1588 2395 1642; x_wconf 90' lang='lat' dir='ltr'>ponti-</span> 
     </span>
     <span class='ocr_line' id='line_1_23' title="bbox 204 1652 2392 1711; baseline 0.003 -20"><span class='ocrx_word' id='word_1_180' title='bbox 204 1652 348 1692; x_wconf 72' lang='lat' dir='ltr'>ficum.</span> <span class='ocrx_word' id='word_1_181' title='bbox 390 1652 445 1692; x_wconf 82' lang='lat' dir='ltr'>ita</span> <span class='ocrx_word' id='word_1_182' title='bbox 489 1652 770 1707; x_wconf 86' lang='lat' dir='ltr'>intellegatur</span> <span class='ocrx_word' id='word_1_183' title='bbox 808 1658 851 1694; x_wconf 93' lang='lat' dir='ltr'>et</span> <span class='ocrx_word' id='word_1_184' title='bbox 889 1658 1035 1709; x_wconf 85' lang='lat' dir='ltr'>pastor</span> <span class='ocrx_word' id='word_1_185' title='bbox 1068 1669 1164 1696; x_wconf 91' lang='lat' dir='ltr'>esse</span> <span class='ocrx_word' id='word_1_186' title='bbox 1211 1659 1444 1710; x_wconf 88' lang='lat' dir='ltr'>pastorum.</span> <span class='ocrx_word' id='word_1_187' title='bbox 1514 1670 1643 1711; x_wconf 90' lang='lat' dir='ltr'>quam</span> <span class='ocrx_word' id='word_1_188' title='bbox 1674 1655 1726 1696; x_wconf 92' lang='lat' dir='ltr'>ob</span> <span class='ocrx_word' id='word_1_189' title='bbox 1763 1669 1852 1695; x_wconf 89' lang='lat' dir='ltr'>rem</span> <span class='ocrx_word' id='word_1_190' title='bbox 1893 1654 2032 1695; x_wconf 90' lang='lat' dir='ltr'>studio</span> <span class='ocrx_word' id='word_1_191' title='bbox 2074 1655 2264 1696; x_wconf 87' lang='lat' dir='ltr'>caritatis</span> <span class='ocrx_word' id='word_1_192' title='bbox 2308 1670 2392 1697; x_wconf 91' lang='lat' dir='ltr'>non</span> 
     </span>
     <span class='ocr_line' id='line_1_24' title="bbox 208 1720 2395 1780; baseline 0.004 -21"><span class='ocrx_word' id='word_1_193' title='bbox 208 1720 450 1774; x_wconf 68' lang='lat' dir='ltr'>cupiditatis</span> <span class='ocrx_word' id='word_1_194' title='bbox 474 1720 552 1761; x_wconf 87' lang='lat' dir='ltr'>has</span> <span class='ocrx_word' id='word_1_195' title='bbox 576 1721 630 1762; x_wconf 85' lang='lat' dir='ltr'>ad</span> <span class='ocrx_word' id='word_1_196' title='bbox 654 1722 930 1764; x_wconf 82' lang='lat' dir='ltr'>sanctitatem</span> <span class='ocrx_word' id='word_1_197' title='bbox 953 1728 1142 1764; x_wconf 87' lang='lat' dir='ltr'>vestram</span> <span class='ocrx_word' id='word_1_198' title='bbox 1165 1738 1242 1780; x_wconf 87' lang='lat' dir='ltr'>per</span> <span class='ocrx_word' id='word_1_199' title='bbox 1264 1725 1565 1780; x_wconf 85' lang='lat' dir='ltr'>presbyterum</span> <span class='ocrx_word' id='word_1_200' title='bbox 1593 1739 1737 1766; x_wconf 89' lang='lat' dir='ltr'>meum</span> <span class='ocrx_word' id='word_1_201' title='bbox 1760 1739 1836 1780; x_wconf 90' lang='lat' dir='ltr'>pro</span> <span class='ocrx_word' id='word_1_202' title='bbox 1861 1723 2052 1765; x_wconf 87' lang='lat' dir='ltr'>dioecesi</span> <span class='ocrx_word' id='word_1_203' title='bbox 2075 1723 2395 1778; x_wconf 86' lang='lat' dir='ltr'>Gemiliacensi,</span> 
     </span>
     <span class='ocr_line' id='line_1_25' title="bbox 204 1789 2393 1848; baseline 0.003 -20"><span class='ocrx_word' id='word_1_204' title='bbox 204 1789 315 1829; x_wconf 86' lang='lat' dir='ltr'>unde</span> <span class='ocrx_word' id='word_1_205' title='bbox 340 1789 422 1829; x_wconf 83' lang='lat' dir='ltr'>iam</span> <span class='ocrx_word' id='word_1_206' title='bbox 447 1789 611 1844; x_wconf 88' lang='lat' dir='ltr'>pridem</span> <span class='ocrx_word' id='word_1_207' title='bbox 632 1791 753 1831; x_wconf 72' lang='lat' dir='ltr'>vobis</span> <span class='ocrx_word' id='word_1_208' title='bbox 778 1792 1048 1846; x_wconf 85' lang='lat' dir='ltr'>scripseram,</span> <span class='ocrx_word' id='word_1_209' title='bbox 1082 1792 1310 1845; x_wconf 86' lang='lat' dir='ltr'>destinavi,</span> <span class='ocrx_word' id='word_1_210' title='bbox 1335 1808 1403 1847; x_wconf 92' lang='lat' dir='ltr'>ne,</span> <span class='ocrx_word' id='word_1_211' title='bbox 1437 1794 1471 1834; x_wconf 91' lang='lat' dir='ltr'>si</span> <span class='ocrx_word' id='word_1_212' title='bbox 1493 1794 1738 1846; x_wconf 87' lang='lat' dir='ltr'>tacuissem,</span> <span class='ocrx_word' id='word_1_213' title='bbox 1771 1793 2075 1848; x_wconf 86' lang='lat' dir='ltr'>neglegentiae</span> <span class='ocrx_word' id='word_1_214' title='bbox 2097 1792 2393 1848; x_wconf 89' lang='lat' dir='ltr'>deputaretur,</span> 
     </span>
     <span class='ocr_line' id='line_1_26' title="bbox 201 1858 2394 1918; baseline 0.004 -21"><span class='ocrx_word' id='word_1_215' title='bbox 201 1872 285 1897; x_wconf 89' lang='lat' dir='ltr'>non</span> <span class='ocrx_word' id='word_1_216' title='bbox 313 1858 583 1909; x_wconf 80' lang='lat' dir='ltr'>concordiae,</span> <span class='ocrx_word' id='word_1_217' title='bbox 616 1885 629 1899; x_wconf 30' lang='grc' dir='ltr'><em>ἡ</em></span> <span class='ocrx_word' id='word_1_218' title='bbox 679 1886 693 1899; x_wconf 44' lang='grc'>,1</span> <span class='ocrx_word' id='word_1_219' title='bbox 724 1861 876 1901; x_wconf 85' lang='lat' dir='ltr'>rationi</span> <span class='ocrx_word' id='word_1_220' title='bbox 899 1862 1182 1902; x_wconf 87' lang='lat' dir='ltr'>irrationabili</span> <span class='ocrx_word' id='word_1_221' title='bbox 1210 1862 1378 1904; x_wconf 89' lang='lat' dir='ltr'>viderer</span> <span class='ocrx_word' id='word_1_222' title='bbox 1401 1864 1602 1914; x_wconf 86' lang='lat' dir='ltr'>cessisse,</span> <span class='ocrx_word' id='word_1_223' title='bbox 1626 1877 1710 1904; x_wconf 92' lang='lat' dir='ltr'>non</span> <span class='ocrx_word' id='word_1_224' title='bbox 1737 1863 1847 1918; x_wconf 87' lang='lat' dir='ltr'>paci,</span> <span class='ocrx_word' id='word_1_225' title='bbox 1880 1867 1939 1913; x_wconf 90' lang='lat' dir='ltr'>ut,</span> <span class='ocrx_word' id='word_1_226' title='bbox 1973 1862 2009 1903; x_wconf 91' lang='lat' dir='ltr'>si</span> <span class='ocrx_word' id='word_1_227' title='bbox 2030 1863 2263 1916; x_wconf 85' lang='lat' dir='ltr'>agnoscitis</span> <span class='ocrx_word' id='word_1_228' title='bbox 2290 1878 2394 1905; x_wconf 88' lang='lat' dir='ltr'>vera</span> 
     </span>
     <span class='ocr_line' id='line_1_27' title="bbox 203 1927 2392 1987; baseline 0.004 -22"><span class='ocrx_word' id='word_1_229' title='bbox 203 1940 300 1967; x_wconf 84' lang='lat' dir='ltr'>esse</span> <span class='ocrx_word' id='word_1_230' title='bbox 334 1941 442 1981; x_wconf 81' lang='lat' dir='ltr'>quae</span> <span class='ocrx_word' id='word_1_231' title='bbox 476 1927 569 1968; x_wconf 90' lang='lat' dir='ltr'>dico</span> <span class='ocrx_word' id='word_1_232' title='bbox 602 1934 674 1968; x_wconf 88' lang='lat' dir='ltr'>aut</span> <span class='ocrx_word' id='word_1_233' title='bbox 706 1929 818 1971; x_wconf 86' lang='lat' dir='ltr'>iusta</span> <span class='ocrx_word' id='word_1_234' title='bbox 850 1944 960 1985; x_wconf 86' lang='lat' dir='ltr'>quae</span> <span class='ocrx_word' id='word_1_235' title='bbox 992 1935 1158 1986; x_wconf 86' lang='lat' dir='ltr'>repete,</span> <span class='ocrx_word' id='word_1_236' title='bbox 1191 1946 1270 1972; x_wconf 91' lang='lat' dir='ltr'>nec</span> <span class='ocrx_word' id='word_1_237' title='bbox 1303 1946 1371 1973; x_wconf 89' lang='lat' dir='ltr'>me</span> <span class='ocrx_word' id='word_1_238' title='bbox 1403 1932 1600 1973; x_wconf 87' lang='lat' dir='ltr'>iniuriam</span> <span class='ocrx_word' id='word_1_239' title='bbox 1633 1932 1793 1972; x_wconf 90' lang='lat' dir='ltr'>diutius</span> <span class='ocrx_word' id='word_1_240' title='bbox 1827 1945 1907 1972; x_wconf 91' lang='lat' dir='ltr'>nec</span> <span class='ocrx_word' id='word_1_241' title='bbox 1939 1945 2017 1972; x_wconf 82' lang='lat' dir='ltr'>vos</span> <span class='ocrx_word' id='word_1_242' title='bbox 2049 1931 2392 1987; x_wconf 88' lang='lat' dir='ltr'>inquietudinem</span> 
     </span>
     <span class='ocr_line' id='line_1_28' title="bbox 205 1996 683 2051; baseline 0.006 -16"><span class='ocrx_word' id='word_1_243' title='bbox 205 1996 416 2036; x_wconf 84' lang='lat' dir='ltr'>sustinere</span> <span class='ocrx_word' id='word_1_244' title='bbox 448 1997 683 2051; x_wconf 81' lang='lat' dir='ltr'>patiamini.</span> 
     </span>
    </p>
   </div>
   <div class='ocr_carea' id='block_1_9' title="bbox 1243 2156 1346 2199">
    <p class='ocr_par' dir='ltr' id='par_1_9' title="bbox 1243 2156 1346 2199">
     <span class='ocr_line' id='line_1_29' title="bbox 1243 2156 1346 2199; baseline -0.01 0"><span class='ocrx_word' id='word_1_245' title='bbox 1243 2156 1346 2199; x_wconf 85' lang='lat' dir='ltr'><strong>VII.</strong></span> 
     </span>
    </p>
   </div>
   <div class='ocr_carea' id='block_1_10' title="bbox 376 2256 2210 2372">
    <p class='ocr_par' dir='ltr' id='par_1_10' title="bbox 376 2256 2210 2372">
     <span class='ocr_line' id='line_1_30' title="bbox 376 2256 2210 2307; baseline 0.003 -11"><span class='ocrx_word' id='word_1_246' title='bbox 376 2256 611 2297; x_wconf 73' lang='lat' dir='ltr'>DOMINO</span> <span class='ocrx_word' id='word_1_247' title='bbox 647 2257 892 2299; x_wconf 77' lang='lat' dir='ltr'>SUBLIMI</span> <span class='ocrx_word' id='word_1_248' title='bbox 926 2258 1287 2307; x_wconf 77' lang='lat' dir='ltr'>SEMPERQUE</span> <span class='ocrx_word' id='word_1_249' title='bbox 1321 2259 1657 2301; x_wconf 77' lang='lat' dir='ltr'><strong>MAGNIFIOO</strong></span> <span class='ocrx_word' id='word_1_250' title='bbox 1690 2261 1914 2302; x_wconf 83' lang='lat' dir='ltr'><strong>FRATRI</strong></span> <span class='ocrx_word' id='word_1_251' title='bbox 1946 2260 2210 2303; x_wconf 84' lang='lat' dir='ltr'><strong>ELAPHIO</strong></span> 
     </span>
     <span class='ocr_line' id='line_1_31' title="bbox 968 2328 1628 2372; baseline 0.005 -4"><span class='ocrx_word' id='word_1_252' title='bbox 968 2328 1253 2369; x_wconf 78' lang='lat' dir='ltr'>RURICIUS</span> <span class='ocrx_word' id='word_1_253' title='bbox 1286 2329 1628 2372; x_wconf 79' lang='lat' dir='ltr'>EPISOOPUS.</span> 
     </span>
    </p>
   </div>
   <div class='ocr_carea' id='block_1_11' title="bbox 194 2404 2389 2620">
    <p class='ocr_par' dir='ltr' id='par_1_11' title="bbox 194 2404 2389 2620">
     <span class='ocr_line' id='line_1_32' title="bbox 337 2404 2389 2483; baseline 0.002 -19"><span class='ocrx_word' id='word_1_254' title='bbox 337 2404 421 2465; x_wconf 75' lang='lat' dir='ltr'>ITA</span> <span class='ocrx_word' id='word_1_255' title='bbox 454 2426 636 2480; x_wconf 89' lang='lat' dir='ltr'>propitio</span> <span class='ocrx_word' id='word_1_256' title='bbox 670 2425 750 2467; x_wconf 87' lang='lat' dir='ltr'>deo</span> <span class='ocrx_word' id='word_1_257' title='bbox 784 2440 963 2481; x_wconf 90' lang='lat' dir='ltr'>operum</span> <span class='ocrx_word' id='word_1_258' title='bbox 994 2431 1165 2467; x_wconf 89' lang='lat' dir='ltr'>tuorum</span> <span class='ocrx_word' id='word_1_259' title='bbox 1203 2427 1318 2468; x_wconf 86' lang='lat' dir='ltr'>fama</span> <span class='ocrx_word' id='word_1_260' title='bbox 1356 2427 1626 2483; x_wconf 89' lang='lat' dir='ltr'>percrebuit,</span> <span class='ocrx_word' id='word_1_261' title='bbox 1668 2431 1716 2467; x_wconf 88' lang='lat' dir='ltr'>ut</span> <span class='ocrx_word' id='word_1_262' title='bbox 1758 2441 1906 2468; x_wconf 85' lang='lat' dir='ltr'>omnes</span> <span class='ocrx_word' id='word_1_263' title='bbox 1945 2427 1987 2467; x_wconf 90' lang='lat' dir='ltr'>in</span> <span class='ocrx_word' id='word_1_264' title='bbox 2027 2427 2248 2468; x_wconf 87' lang='lat' dir='ltr'>laboribus</span> <span class='ocrx_word' id='word_1_265' title='bbox 2288 2442 2389 2469; x_wconf 87' lang='lat' dir='ltr'>con-</span> 
     </span>
     <span class='ocr_line' id='line_1_33' title="bbox 195 2493 2389 2552; baseline 0.003 -20"><span class='ocrx_word' id='word_1_266' title='bbox 195 2493 333 2533; x_wconf 86' lang='lat' dir='ltr'>stituti</span> <span class='ocrx_word' id='word_1_267' title='bbox 375 2495 664 2535; x_wconf 86' lang='lat' dir='ltr'>commendari</span> <span class='ocrx_word' id='word_1_268' title='bbox 706 2509 752 2536; x_wconf 92' lang='lat' dir='ltr'>se</span> <span class='ocrx_word' id='word_1_269' title='bbox 792 2496 1069 2549; x_wconf 85' lang='lat' dir='ltr'>germanitati</span> <span class='ocrx_word' id='word_1_270' title='bbox 1110 2500 1281 2537; x_wconf 89' lang='lat' dir='ltr'>vestrae</span> <span class='ocrx_word' id='word_1_271' title='bbox 1324 2497 1438 2537; x_wconf 89' lang='lat' dir='ltr'>omni</span> <span class='ocrx_word' id='word_1_272' title='bbox 1482 2510 1658 2552; x_wconf 86' lang='lat' dir='ltr'>precum</span> <span class='ocrx_word' id='word_1_273' title='bbox 1702 2497 1937 2537; x_wconf 86' lang='lat' dir='ltr'>ambitione</span> <span class='ocrx_word' id='word_1_274' title='bbox 1987 2496 2242 2552; x_wconf 90' lang='lat' dir='ltr'>deposcant,</span> <span class='ocrx_word' id='word_1_275' title='bbox 2288 2497 2389 2552; x_wconf 85' lang='lat' dir='ltr'>quia</span> 
     </span>
     <span class='ocr_line' id='line_1_34' title="bbox 194 2563 2386 2620; baseline 0.002 -19"><span class='ocrx_word' id='word_1_276' title='bbox 194 2563 492 2615; x_wconf 80' lang='lat' dir='ltr'>fatigationem</span> <span class='ocrx_word' id='word_1_277' title='bbox 525 2578 644 2605; x_wconf 85' lang='lat' dir='ltr'>suam</span> <span class='ocrx_word' id='word_1_278' title='bbox 678 2563 792 2619; x_wconf 88' lang='lat' dir='ltr'>apud</span> <span class='ocrx_word' id='word_1_279' title='bbox 824 2579 896 2605; x_wconf 85' lang='lat' dir='ltr'>vos</span> <span class='ocrx_word' id='word_1_280' title='bbox 929 2566 1132 2607; x_wconf 83' lang='lat' dir='ltr'>effectum</span> <span class='ocrx_word' id='word_1_281' title='bbox 1165 2566 1326 2607; x_wconf 87' lang='lat' dir='ltr'>habere</span> <span class='ocrx_word' id='word_1_282' title='bbox 1358 2580 1441 2607; x_wconf 93' lang='lat' dir='ltr'>non</span> <span class='ocrx_word' id='word_1_283' title='bbox 1473 2566 1684 2607; x_wconf 90' lang='lat' dir='ltr'>dubitant.</span> <span class='ocrx_word' id='word_1_284' title='bbox 1736 2565 1850 2606; x_wconf 87' lang='lat' dir='ltr'>unde</span> <span class='ocrx_word' id='word_1_285' title='bbox 1882 2565 2012 2606; x_wconf 84' lang='lat' dir='ltr'>etiam</span> <span class='ocrx_word' id='word_1_286' title='bbox 2035 2566 2215 2620; x_wconf 85' lang='lat' dir='ltr'>portitor</span> <span class='ocrx_word' id='word_1_287' title='bbox 2235 2565 2386 2606; x_wconf 89' lang='lat' dir='ltr'>harum</span> 
     </span>
    </p>
   </div>
   <div class='ocr_carea' id='block_1_12' title="bbox 196 2631 2430 2690">
    <p class='ocr_par' dir='ltr' id='par_1_12' title="bbox 196 2631 2430 2690">
     <span class='ocr_line' id='line_1_35' title="bbox 196 2631 2430 2690; baseline 0.003 -21"><span class='ocrx_word' id='word_1_288' title='bbox 196 2632 365 2672; x_wconf 88' lang='grc'><strong>1101111110</strong></span> <span class='ocrx_word' id='word_1_289' title='bbox 389 2631 533 2683; x_wconf 74' lang='lat' dir='ltr'>Ufila,</span> <span class='ocrx_word' id='word_1_290' title='bbox 566 2647 690 2687; x_wconf 87' lang='lat' dir='ltr'>quem</span> <span class='ocrx_word' id='word_1_291' title='bbox 723 2634 826 2674; x_wconf 90' lang='lat' dir='ltr'>mihi</span> <span class='ocrx_word' id='word_1_292' title='bbox 853 2634 1107 2675; x_wconf 87' lang='lat' dir='ltr'>Pharetrius</span> <span class='ocrx_word' id='word_1_293' title='bbox 1140 2635 1372 2690; x_wconf 86' lang='lat' dir='ltr'>presbyter</span> <span class='ocrx_word' id='word_1_294' title='bbox 1403 2635 1490 2676; x_wconf 91' lang='lat' dir='ltr'>suis</span> <span class='ocrx_word' id='word_1_295' title='bbox 1522 2635 1678 2676; x_wconf 89' lang='lat' dir='ltr'>litteris</span> <span class='ocrx_word' id='word_1_296' title='bbox 1712 2634 2041 2686; x_wconf 88' lang='lat' dir='ltr'>commendavit,</span> <span class='ocrx_word' id='word_1_297' title='bbox 2074 2634 2127 2675; x_wconf 88' lang='lat' dir='ltr'>ad</span> <span class='ocrx_word' id='word_1_298' title='bbox 2159 2648 2236 2675; x_wconf 88' lang='lat' dir='ltr'>vos</span> <span class='ocrx_word' id='word_1_299' title='bbox 2269 2648 2383 2675; x_wconf 89' lang='lat' dir='ltr'>com-</span> <span class='ocrx_word' id='word_1_300' title='bbox 2423 2660 2430 2667; x_wconf 89' lang='lat'><em>-</em></span> 
     </span>
    </p>
   </div>
   <div class='ocr_carea' id='block_1_13' title="bbox 193 2699 2386 3170">
    <p class='ocr_par' dir='ltr' id='par_1_13' title="bbox 193 2699 2386 3170">
     <span class='ocr_line' id='line_1_36' title="bbox 195 2699 2386 2759; baseline 0.002 -21"><span class='ocrx_word' id='word_1_301' title='bbox 195 2699 477 2740; x_wconf 82' lang='lat' dir='ltr'>mendaticias</span> <span class='ocrx_word' id='word_1_302' title='bbox 520 2702 771 2755; x_wconf 74' lang='lat' dir='ltr'>postulavit,</span> <span class='ocrx_word' id='word_1_303' title='bbox 814 2716 920 2756; x_wconf 90' lang='lat' dir='ltr'>quas</span> <span class='ocrx_word' id='word_1_304' title='bbox 954 2704 994 2743; x_wconf 92' lang='lat' dir='ltr'>ci</span> <span class='ocrx_word' id='word_1_305' title='bbox 1027 2707 1070 2745; x_wconf 91' lang='lat' dir='ltr'>et</span> <span class='ocrx_word' id='word_1_306' title='bbox 1101 2718 1177 2759; x_wconf 91' lang='lat' dir='ltr'>pro</span> <span class='ocrx_word' id='word_1_307' title='bbox 1212 2704 1403 2745; x_wconf 89' lang='lat' dir='ltr'>iussione</span> <span class='ocrx_word' id='word_1_308' title='bbox 1437 2703 1581 2744; x_wconf 87' lang='lat' dir='ltr'>divina</span> <span class='ocrx_word' id='word_1_309' title='bbox 1613 2707 1658 2745; x_wconf 91' lang='lat' dir='ltr'>et</span> <span class='ocrx_word' id='word_1_310' title='bbox 1688 2718 1764 2759; x_wconf 89' lang='lat' dir='ltr'>pro</span> <span class='ocrx_word' id='word_1_311' title='bbox 1798 2704 1990 2744; x_wconf 90' lang='lat' dir='ltr'>iussione</span> <span class='ocrx_word' id='word_1_312' title='bbox 2023 2707 2172 2744; x_wconf 87' lang='lat' dir='ltr'>mutua</span> <span class='ocrx_word' id='word_1_313' title='bbox 2201 2703 2386 2744; x_wconf 89' lang='lat' dir='ltr'>libenter</span> 
     </span>
     <span class='ocr_line' id='line_1_37' title="bbox 194 2768 2384 2828; baseline 0.002 -21"><span class='ocrx_word' id='word_1_314' title='bbox 194 2768 361 2809; x_wconf 77' lang='lat' dir='ltr'>indulsi.</span> <span class='ocrx_word' id='word_1_315' title='bbox 430 2769 582 2823; x_wconf 80' lang='lat' dir='ltr'>quibus</span> <span class='ocrx_word' id='word_1_316' title='bbox 625 2770 868 2812; x_wconf 78' lang='lat' dir='ltr'>individuae</span> <span class='ocrx_word' id='word_1_317' title='bbox 915 2773 1082 2813; x_wconf 87' lang='lat' dir='ltr'>caritati</span> <span class='ocrx_word' id='word_1_318' title='bbox 1121 2777 1292 2814; x_wconf 86' lang='lat' dir='ltr'>vestrae</span> <span class='ocrx_word' id='word_1_319' title='bbox 1343 2774 1461 2814; x_wconf 89' lang='lat' dir='ltr'>salve</span> <span class='ocrx_word' id='word_1_320' title='bbox 1508 2773 1741 2828; x_wconf 89' lang='lat' dir='ltr'>plurimum</span> <span class='ocrx_word' id='word_1_321' title='bbox 1788 2772 1884 2812; x_wconf 91' lang='lat' dir='ltr'>dico</span> <span class='ocrx_word' id='word_1_322' title='bbox 1934 2775 1976 2812; x_wconf 90' lang='lat' dir='ltr'>et</span> <span class='ocrx_word' id='word_1_323' title='bbox 2021 2772 2266 2827; x_wconf 86' lang='lat' dir='ltr'>praefatum</span> <span class='ocrx_word' id='word_1_324' title='bbox 2309 2786 2384 2826; x_wconf 89' lang='lat' dir='ltr'>pro</span> 
     </span>
     <span class='ocr_line' id='line_1_38' title="bbox 193 2836 2383 2896; baseline 0.003 -21"><span class='ocrx_word' id='word_1_325' title='bbox 193 2836 422 2877; x_wconf 79' lang='lat' dir='ltr'>affectione</span> <span class='ocrx_word' id='word_1_326' title='bbox 462 2852 666 2891; x_wconf 83' lang='lat' dir='ltr'>germana</span> <span class='ocrx_word' id='word_1_327' title='bbox 709 2853 791 2879; x_wconf 91' lang='lat' dir='ltr'>non</span> <span class='ocrx_word' id='word_1_328' title='bbox 832 2854 908 2894; x_wconf 87' lang='lat' dir='ltr'>pro</span> <span class='ocrx_word' id='word_1_329' title='bbox 947 2841 1183 2895; x_wconf 85' lang='lat' dir='ltr'>pontificali</span> <span class='ocrx_word' id='word_1_330' title='bbox 1223 2841 1478 2882; x_wconf 85' lang='lat' dir='ltr'>auctoritate</span> <span class='ocrx_word' id='word_1_331' title='bbox 1522 2840 1826 2882; x_wconf 87' lang='lat' dir='ltr'>commendare</span> <span class='ocrx_word' id='word_1_332' title='bbox 1868 2841 2161 2896; x_wconf 89' lang='lat' dir='ltr'>praesumpsi,</span> <span class='ocrx_word' id='word_1_333' title='bbox 2202 2841 2301 2895; x_wconf 89' lang='lat' dir='ltr'>quia</span> <span class='ocrx_word' id='word_1_334' title='bbox 2339 2841 2383 2881; x_wconf 92' lang='grc'>111</span> 
     </span>
     <span class='ocr_line' id='line_1_39' title="bbox 194 2907 2381 2964; baseline 0.003 -21"><span class='ocrx_word' id='word_1_335' title='bbox 194 2911 419 2959; x_wconf 65' lang='lat' dir='ltr'>peccatore</span> <span class='ocrx_word' id='word_1_336' title='bbox 453 2907 608 2947; x_wconf 85' lang='lat' dir='ltr'>amittit</span> <span class='ocrx_word' id='word_1_337' title='bbox 639 2907 825 2961; x_wconf 85' lang='lat' dir='ltr'>dignitas</span> <span class='ocrx_word' id='word_1_338' title='bbox 858 2908 1126 2963; x_wconf 69' lang='lat' dir='ltr'>dignitatem,</span> <span class='ocrx_word' id='word_1_339' title='bbox 1160 2911 1228 2951; x_wconf 92' lang='lat' dir='ltr'>cui</span> <span class='ocrx_word' id='word_1_340' title='bbox 1259 2911 1396 2951; x_wconf 90' lang='lat' dir='ltr'>honor</span> <span class='ocrx_word' id='word_1_341' title='bbox 1417 2910 1635 2951; x_wconf 89' lang='lat' dir='ltr'>indebitus</span> <span class='ocrx_word' id='word_1_342' title='bbox 1661 2910 1781 2950; x_wconf 89' lang='lat' dir='ltr'>oneri</span> <span class='ocrx_word' id='word_1_343' title='bbox 1805 2912 1870 2950; x_wconf 90' lang='lat' dir='ltr'>est</span> <span class='ocrx_word' id='word_1_344' title='bbox 1892 2910 2037 2964; x_wconf 87' lang='lat' dir='ltr'>potius</span> <span class='ocrx_word' id='word_1_345' title='bbox 2065 2923 2192 2963; x_wconf 89' lang='lat' dir='ltr'>quam</span> <span class='ocrx_word' id='word_1_346' title='bbox 2214 2909 2381 2951; x_wconf 89' lang='lat' dir='ltr'>honori.</span> 
     </span>
     <span class='ocr_line' id='line_1_40' title="bbox 193 2973 2381 3032; baseline 0.003 -21"><span class='ocrx_word' id='word_1_347' title='bbox 193 2973 305 3027; x_wconf 86' lang='lat' dir='ltr'>quod</span> <span class='ocrx_word' id='word_1_348' title='bbox 338 2973 436 3013; x_wconf 80' lang='lat' dir='ltr'>licet</span> <span class='ocrx_word' id='word_1_349' title='bbox 468 2974 591 3015; x_wconf 67' lang='lat' dir='ltr'>vobis</span> <span class='ocrx_word' id='word_1_350' title='bbox 625 2976 798 3030; x_wconf 88' lang='lat' dir='ltr'>placere</span> <span class='ocrx_word' id='word_1_351' title='bbox 831 2991 907 3031; x_wconf 89' lang='lat' dir='ltr'>pro</span> <span class='ocrx_word' id='word_1_352' title='bbox 940 2983 1089 3018; x_wconf 88' lang='lat' dir='ltr'>nostra</span> <span class='ocrx_word' id='word_1_353' title='bbox 1127 2978 1402 3020; x_wconf 88' lang='lat' dir='ltr'>devinctione</span> <span class='ocrx_word' id='word_1_354' title='bbox 1442 2978 1674 3030; x_wconf 87' lang='lat' dir='ltr'>confidam,</span> <span class='ocrx_word' id='word_1_355' title='bbox 1712 2982 1879 3030; x_wconf 88' lang='lat' dir='ltr'>tamen,</span> <span class='ocrx_word' id='word_1_356' title='bbox 1920 2978 1956 3018; x_wconf 91' lang='lat' dir='ltr'>si</span> <span class='ocrx_word' id='word_1_357' title='bbox 1996 2977 2097 3032; x_wconf 83' lang='lat' dir='ltr'>quid</span> <span class='ocrx_word' id='word_1_358' title='bbox 2135 2978 2258 3018; x_wconf 88' lang='lat' dir='ltr'>nobis</span> <span class='ocrx_word' id='word_1_359' title='bbox 2291 2978 2381 3018; x_wconf 90' lang='lat' dir='ltr'>veri</span> 
     </span>
     <span class='ocr_line' id='line_1_41' title="bbox 194 3042 2380 3102; baseline 0.002 -21"><span class='ocrx_word' id='word_1_360' title='bbox 194 3043 258 3081; x_wconf 73' lang='lat' dir='ltr'>vel</span> <span class='ocrx_word' id='word_1_361' title='bbox 282 3042 426 3082; x_wconf 76' lang='lat' dir='ltr'>vicarii</span> <span class='ocrx_word' id='word_1_362' title='bbox 451 3044 607 3083; x_wconf 83' lang='lat' dir='ltr'>amoris</span> <span class='ocrx_word' id='word_1_363' title='bbox 630 3044 889 3099; x_wconf 73' lang='lat' dir='ltr'>impenditiS,</span> <span class='ocrx_word' id='word_1_364' title='bbox 924 3060 1064 3100; x_wconf 84' lang='lat' dir='ltr'>spero,</span> <span class='ocrx_word' id='word_1_365' title='bbox 1088 3051 1135 3087; x_wconf 90' lang='lat' dir='ltr'>ut</span> <span class='ocrx_word' id='word_1_366' title='bbox 1158 3047 1424 3088; x_wconf 87' lang='lat' dir='ltr'>condoleatis</span> <span class='ocrx_word' id='word_1_367' title='bbox 1447 3048 1588 3102; x_wconf 88' lang='lat' dir='ltr'>potius</span> <span class='ocrx_word' id='word_1_368' title='bbox 1611 3061 1738 3102; x_wconf 92' lang='lat' dir='ltr'>quam</span> <span class='ocrx_word' id='word_1_369' title='bbox 1767 3047 2005 3101; x_wconf 88' lang='lat' dir='ltr'>gaudeatis,</span> <span class='ocrx_word' id='word_1_370' title='bbox 2038 3047 2137 3100; x_wconf 91' lang='lat' dir='ltr'>quia</span> <span class='ocrx_word' id='word_1_371' title='bbox 2158 3045 2380 3100; x_wconf 85' lang='lat' dir='ltr'>indignum</span> 
     </span>
     <span class='ocr_line' id='line_1_42' title="bbox 193 3112 1857 3170; baseline 0.003 -20"><span class='ocrx_word' id='word_1_372' title='bbox 193 3125 260 3150; x_wconf 92' lang='lat' dir='ltr'>me</span> <span class='ocrx_word' id='word_1_373' title='bbox 295 3116 336 3151; x_wconf 86' lang='grc'>01</span> <span class='ocrx_word' id='word_1_374' title='bbox 368 3112 538 3165; x_wconf 83' lang='lat' dir='ltr'>penitus</span> <span class='ocrx_word' id='word_1_375' title='bbox 572 3127 653 3153; x_wconf 88' lang='lat' dir='ltr'>non</span> <span class='ocrx_word' id='word_1_376' title='bbox 686 3119 923 3156; x_wconf 87' lang='lat' dir='ltr'>merentem</span> <span class='ocrx_word' id='word_1_377' title='bbox 956 3129 1042 3156; x_wconf 88' lang='lat' dir='ltr'>non</span> <span class='ocrx_word' id='word_1_378' title='bbox 1075 3117 1235 3157; x_wconf 88' lang='lat' dir='ltr'>attollit</span> <span class='ocrx_word' id='word_1_379' title='bbox 1265 3130 1335 3157; x_wconf 89' lang='lat' dir='ltr'>res</span> <span class='ocrx_word' id='word_1_380' title='bbox 1368 3120 1502 3169; x_wconf 87' lang='lat' dir='ltr'>tanta,</span> <span class='ocrx_word' id='word_1_381' title='bbox 1536 3116 1613 3157; x_wconf 88' lang='lat' dir='ltr'>sed</span> <span class='ocrx_word' id='word_1_382' title='bbox 1645 3115 1857 3170; x_wconf 88' lang='lat' dir='ltr'>deprimit.</span> 
     </span>
    </p>
   </div>
   <div class='ocr_carea' id='block_1_14' title="bbox 327 3283 1704 3328">
    <p class='ocr_par' dir='ltr' id='par_1_14' title="bbox 327 3283 1704 3328">
     <span class='ocr_line' id='line_1_43' title="bbox 327 3283 1704 3328; baseline 0.004 -13"><span class='ocrx_word' id='word_1_383' title='bbox 327 3283 344 3315; x_wconf 71' lang='lat'>7</span> <span class='ocrx_word' id='word_1_384' title='bbox 372 3283 597 3318; x_wconf 71' lang='lat' dir='ltr'>loann.V11.</span> <span class='ocrx_word' id='word_1_385' title='bbox 624 3284 678 3318; x_wconf 70' lang='lat' dir='ltr'>1s.</span> <span class='ocrx_word' id='word_1_386' title='bbox 796 3287 838 3319; x_wconf 79' lang='lat'>10</span> <span class='ocrx_word' id='word_1_387' title='bbox 863 3287 966 3321; x_wconf 86' lang='lat' dir='ltr'>Rom.</span> <span class='ocrx_word' id='word_1_388' title='bbox 993 3286 1072 3328; x_wconf 73' lang='lat' dir='ltr'>XII,</span> <span class='ocrx_word' id='word_1_389' title='bbox 1098 3289 1130 3323; x_wconf 73' lang='grc'>9.</span> <span class='ocrx_word' id='word_1_390' title='bbox 1154 3288 1187 3322; x_wconf 84' lang='grc'>8.</span> <span class='ocrx_word' id='word_1_391' title='bbox 1212 3288 1242 3321; x_wconf 85' lang='grc'>4.</span> <span class='ocrx_word' id='word_1_392' title='bbox 1362 3287 1405 3321; x_wconf 77' lang='grc'>16</span> <span class='ocrx_word' id='word_1_393' title='bbox 1430 3287 1556 3321; x_wconf 87' lang='lat' dir='ltr'>Ioann.</span> <span class='ocrx_word' id='word_1_394' title='bbox 1583 3285 1626 3328; x_wconf 85' lang='lat' dir='ltr'>X,</span> <span class='ocrx_word' id='word_1_395' title='bbox 1652 3288 1704 3321; x_wconf 76' lang='lat'>16.</span> 
     </span>
    </p>
   </div>
   <div class='ocr_carea' id='block_1_15' title="bbox 188 3385 2379 3548">
    <p class='ocr_par' dir='ltr' id='par_1_15' title="bbox 188 3385 2379 3548">
     <span class='ocr_line' id='line_1_44' title="bbox 324 3385 2379 3435; baseline 0.002 -17"><span class='ocrx_word' id='word_1_396' title='bbox 324 3385 345 3418; x_wconf 75' lang='grc'>2</span> <span class='ocrx_word' id='word_1_397' title='bbox 370 3386 506 3430; x_wconf 82' lang='lat' dir='ltr'>domno]</span> <span class='ocrx_word' id='word_1_398' title='bbox 537 3388 565 3419; x_wconf 81' lang='lat' dir='ltr'><em>G</em></span> <span class='ocrx_word' id='word_1_399' title='bbox 727 3388 747 3421; x_wconf 77' lang='lat'><strong>3</strong></span> <span class='ocrx_word' id='word_1_400' title='bbox 779 3391 937 3433; x_wconf 82' lang='lat' dir='ltr'>cronopio</span> <span class='ocrx_word' id='word_1_401' title='bbox 967 3392 995 3423; x_wconf 95' lang='lat' dir='ltr'><em>G</em></span> <span class='ocrx_word' id='word_1_402' title='bbox 1157 3390 1178 3423; x_wconf 88' lang='grc'>4</span> <span class='ocrx_word' id='word_1_403' title='bbox 1212 3390 1451 3435; x_wconf 79' lang='lat' dir='ltr'>speculatores]</span> <span class='ocrx_word' id='word_1_404' title='bbox 1483 3397 1559 3423; x_wconf 73' lang='lat' dir='ltr'>sunt</span> <span class='ocrx_word' id='word_1_405' title='bbox 1584 3392 1729 3434; x_wconf 62' lang='lat' dir='ltr'>episcopi</span> <span class='ocrx_word' id='word_1_406' title='bbox 1890 3389 1911 3423; x_wconf 78' lang='lat' dir='ltr'>G</span> <span class='ocrx_word' id='word_1_407' title='bbox 1942 3397 2056 3425; x_wconf 79' lang='lat' dir='ltr'>notam</span> <span class='ocrx_word' id='word_1_408' title='bbox 2086 3388 2180 3434; x_wconf 86' lang='lat' dir='ltr'>dum]</span> <span class='ocrx_word' id='word_1_409' title='bbox 2207 3390 2379 3433; x_wconf 60' lang='lat' dir='ltr'>Basmqqe,</span> 
     </span>
     <span class='ocr_line' id='line_1_45' title="bbox 189 3445 2376 3493; baseline 0.003 -18"><span class='ocrx_word' id='word_1_410' title='bbox 189 3445 370 3476; x_wconf 76' lang='lat' dir='ltr'>notandum</span> <span class='ocrx_word' id='word_1_411' title='bbox 418 3447 497 3478; x_wconf 84' lang='grc'><strong>(111111</strong></span> <span class='ocrx_word' id='word_1_412' title='bbox 528 3447 556 3477; x_wconf 91' lang='lat' dir='ltr'><em>G</em></span> <span class='ocrx_word' id='word_1_413' title='bbox 706 3445 723 3478; x_wconf 77' lang='grc' dir='ltr'>ἶ</span> <span class='ocrx_word' id='word_1_414' title='bbox 757 3449 950 3481; x_wconf 82' lang='lat' dir='ltr'>inueniatur</span> <span class='ocrx_word' id='word_1_415' title='bbox 979 3450 1007 3481; x_wconf 98' lang='lat' dir='ltr'><em>G</em></span> <span class='ocrx_word' id='word_1_416' title='bbox 1153 3450 1174 3481; x_wconf 69' lang='lat'>8</span> <span class='ocrx_word' id='word_1_417' title='bbox 1208 3451 1414 3493; x_wconf 79' lang='lat' dir='ltr'>praesentias</span> <span class='ocrx_word' id='word_1_418' title='bbox 1444 3451 1473 3482; x_wconf 85' lang='lat' dir='ltr'><em>G</em></span> <span class='ocrx_word' id='word_1_419' title='bbox 1612 3449 1654 3482; x_wconf 68' lang='lat'>16</span> <span class='ocrx_word' id='word_1_420' title='bbox 1689 3447 1864 3492; x_wconf 83' lang='lat' dir='ltr'>simplicis]</span> <span class='ocrx_word' id='word_1_421' title='bbox 1898 3449 2114 3491; x_wconf 48' lang='lat' dir='ltr'>Lindemann,</span> <span class='ocrx_word' id='word_1_422' title='bbox 2150 3450 2318 3492; x_wconf 86' lang='lat' dir='ltr'>simplices</span> <span class='ocrx_word' id='word_1_423' title='bbox 2347 3449 2376 3480; x_wconf 83' lang='lat' dir='ltr'><em>G</em></span> 
     </span>
     <span class='ocr_line' id='line_1_46' title="bbox 188 3502 2374 3548; baseline 0.003 -16"><span class='ocrx_word' id='word_1_424' title='bbox 188 3502 289 3533; x_wconf 78' lang='lat' dir='ltr'>nnius</span> <span class='ocrx_word' id='word_1_425' title='bbox 320 3514 401 3544; x_wconf 81' lang='lat' dir='ltr'>grex</span> <span class='ocrx_word' id='word_1_426' title='bbox 432 3504 460 3534; x_wconf 86' lang='lat' dir='ltr'><em>G</em></span> <span class='ocrx_word' id='word_1_427' title='bbox 617 3503 659 3536; x_wconf 64' lang='lat'>155</span> <span class='ocrx_word' id='word_1_428' title='bbox 692 3502 762 3546; x_wconf 86' lang='lat' dir='ltr'>per]</span> <span class='ocrx_word' id='word_1_429' title='bbox 796 3506 905 3546; x_wconf 61' lang='lat' dir='ltr'>suppl.</span> <span class='ocrx_word' id='word_1_430' title='bbox 932 3506 1140 3547; x_wconf 66' lang='lat' dir='ltr'>Jn&#39;iljolmnn,</span> <span class='ocrx_word' id='word_1_431' title='bbox 1165 3520 1227 3539; x_wconf 72' lang='lat'><strong><em>0771.</em></strong></span> <span class='ocrx_word' id='word_1_432' title='bbox 1251 3510 1280 3539; x_wconf 89' lang='lat' dir='ltr'><em>G</em></span> <span class='ocrx_word' id='word_1_433' title='bbox 1373 3508 1488 3539; x_wconf 82' lang='lat' dir='ltr'>diocisi</span> <span class='ocrx_word' id='word_1_434' title='bbox 1517 3508 1546 3539; x_wconf 88' lang='lat' dir='ltr'><em>G</em></span> <span class='ocrx_word' id='word_1_435' title='bbox 1686 3506 1728 3539; x_wconf 78' lang='lat'>21</span> <span class='ocrx_word' id='word_1_436' title='bbox 1760 3507 1958 3539; x_wconf 70' lang='lat' dir='ltr'>Concordiae</span> <span class='ocrx_word' id='word_1_437' title='bbox 1983 3524 1996 3539; x_wconf 62' lang='lat'>2&lt;</span> <span class='ocrx_word' id='word_1_438' title='bbox 2016 3523 2058 3539; x_wconf 46' lang='grc' dir='ltr'>ψ*</span> <span class='ocrx_word' id='word_1_439' title='bbox 2085 3505 2259 3548; x_wconf 72' lang='lat' dir='ltr'>(suppleas</span> <span class='ocrx_word' id='word_1_440' title='bbox 2282 3504 2374 3548; x_wconf 86' lang='lat' dir='ltr'>cum)</span> 
     </span>
    </p>
   </div>
   <div class='ocr_carea' id='block_1_16' title="bbox 187 3559 2374 3779">
    <p class='ocr_par' dir='ltr' id='par_1_16' title="bbox 187 3559 2374 3779">
     <span class='ocr_line' id='line_1_47' title="bbox 188 3559 2372 3606; baseline 0.003 -18"><span class='ocrx_word' id='word_1_441' title='bbox 188 3559 306 3589; x_wconf 66' lang='lat' dir='ltr'>rationi</span> <span class='ocrx_word' id='word_1_442' title='bbox 333 3560 549 3592; x_wconf 72' lang='lat' dir='ltr'>irrationabili</span> <span class='ocrx_word' id='word_1_443' title='bbox 577 3562 709 3594; x_wconf 83' lang='lat' dir='ltr'>uiderer</span> <span class='ocrx_word' id='word_1_444' title='bbox 734 3563 889 3603; x_wconf 73' lang='lat' dir='ltr'>cessisse,</span> <span class='ocrx_word' id='word_1_445' title='bbox 916 3575 982 3594; x_wconf 85' lang='lat' dir='ltr'>non</span> <span class='ocrx_word' id='word_1_446' title='bbox 1010 3563 1094 3605; x_wconf 80' lang='lat' dir='ltr'>paci]</span> <span class='ocrx_word' id='word_1_447' title='bbox 1127 3565 1340 3606; x_wconf 60' lang='lat' dir='ltr'>la&#39;iljolumn,</span> <span class='ocrx_word' id='word_1_448' title='bbox 1365 3565 1563 3597; x_wconf 84' lang='lat' dir='ltr'>concordiae</span> <span class='ocrx_word' id='word_1_449' title='bbox 1588 3565 1708 3596; x_wconf 82' lang='lat' dir='ltr'>rationi</span> <span class='ocrx_word' id='word_1_450' title='bbox 1734 3564 1984 3595; x_wconf 81' lang='lat' dir='ltr'>inracionabilis</span> <span class='ocrx_word' id='word_1_451' title='bbox 2016 3565 2111 3596; x_wconf 86' lang='lat' dir='ltr'>uider</span> <span class='ocrx_word' id='word_1_452' title='bbox 2141 3565 2280 3595; x_wconf 82' lang='lat' dir='ltr'>cessisse</span> <span class='ocrx_word' id='word_1_453' title='bbox 2306 3575 2372 3595; x_wconf 88' lang='lat' dir='ltr'>non</span> 
     </span>
     <span class='ocr_line' id='line_1_48' title="bbox 189 3616 2374 3664; baseline 0.003 -18"><span class='ocrx_word' id='word_1_454' title='bbox 189 3616 287 3655; x_wconf 78' lang='lat' dir='ltr'>pauci</span> <span class='ocrx_word' id='word_1_455' title='bbox 317 3617 362 3655; x_wconf 68' lang='grc' dir='ltr'>(ι’,</span> <span class='ocrx_word' id='word_1_456' title='bbox 397 3619 593 3650; x_wconf 75' lang='lat' dir='ltr'>concordiae</span> <span class='ocrx_word' id='word_1_457' title='bbox 632 3619 750 3650; x_wconf 79' lang='lat' dir='ltr'>rationi</span> <span class='ocrx_word' id='word_1_458' title='bbox 791 3619 1022 3653; x_wconf 77' lang='lat' dir='ltr'>irrationabili.</span> <span class='ocrx_word' id='word_1_459' title='bbox 1061 3623 1206 3653; x_wconf 60' lang='lat' dir='ltr'>Suadam</span> <span class='ocrx_word' id='word_1_460' title='bbox 1244 3623 1385 3654; x_wconf 76' lang='lat' dir='ltr'>cessisse</span> <span class='ocrx_word' id='word_1_461' title='bbox 1428 3634 1493 3654; x_wconf 83' lang='grc'><strong>11011</strong></span> <span class='ocrx_word' id='word_1_462' title='bbox 1534 3623 1631 3664; x_wconf 84' lang='lat' dir='ltr'>pauci</span> <span class='ocrx_word' id='word_1_463' title='bbox 1669 3622 1752 3653; x_wconf 69' lang='lat' dir='ltr'>coni.</span> <span class='ocrx_word' id='word_1_464' title='bbox 1780 3621 1966 3653; x_wconf 49' lang='lat' dir='ltr'>Mommsen</span> <span class='ocrx_word' id='word_1_465' title='bbox 2127 3620 2172 3652; x_wconf 70' lang='lat'>‘22</span> <span class='ocrx_word' id='word_1_466' title='bbox 2198 3621 2315 3652; x_wconf 84' lang='lat' dir='ltr'>iuriam</span> <span class='ocrx_word' id='word_1_467' title='bbox 2345 3620 2374 3652; x_wconf 81' lang='lat' dir='ltr'>G&#39;</span> 
     </span>
     <span class='ocr_line' id='line_1_49' title="bbox 187 3670 2373 3722; baseline 0.003 -20"><span class='ocrx_word' id='word_1_468' title='bbox 187 3670 230 3702; x_wconf 70' lang='lat'>25</span> <span class='ocrx_word' id='word_1_469' title='bbox 248 3672 400 3703; x_wconf 76' lang='lat' dir='ltr'>sublimis</span> <span class='ocrx_word' id='word_1_470' title='bbox 422 3675 450 3701; x_wconf 82' lang='lat' dir='ltr'><em>G</em></span> <span class='ocrx_word' id='word_1_471' title='bbox 508 3677 608 3707; x_wconf 71' lang='lat' dir='ltr'>fratre</span> <span class='ocrx_word' id='word_1_472' title='bbox 626 3676 722 3708; x_wconf 78' lang='lat' dir='ltr'>elafio</span> <span class='ocrx_word' id='word_1_473' title='bbox 745 3676 773 3707; x_wconf 87' lang='lat' dir='ltr'><em>G</em></span> <span class='ocrx_word' id='word_1_474' title='bbox 877 3676 921 3708; x_wconf 74' lang='grc'>28</span> <span class='ocrx_word' id='word_1_475' title='bbox 940 3689 974 3709; x_wconf 86' lang='lat' dir='ltr'>se</span> <span class='ocrx_word' id='word_1_476' title='bbox 989 3678 1215 3721; x_wconf 73' lang='lat' dir='ltr'>germanitati]</span> <span class='ocrx_word' id='word_1_477' title='bbox 1235 3691 1294 3722; x_wconf 84' lang='lat' dir='ltr'>seg</span> <span class='ocrx_word' id='word_1_478' title='bbox 1311 3691 1351 3710; x_wconf 57' lang='lat' dir='ltr'>ea:</span> <span class='ocrx_word' id='word_1_479' title='bbox 1368 3684 1432 3711; x_wconf 83' lang='lat' dir='ltr'>rett</span> <span class='ocrx_word' id='word_1_480' title='bbox 1448 3691 1534 3711; x_wconf 68' lang='lat' dir='ltr'>corr.</span> <span class='ocrx_word' id='word_1_481' title='bbox 1558 3678 1607 3722; x_wconf 53' lang='lat'>(2¹</span> <span class='ocrx_word' id='word_1_482' title='bbox 1717 3678 1762 3709; x_wconf 80' lang='lat'>30</span> <span class='ocrx_word' id='word_1_483' title='bbox 1779 3676 1980 3721; x_wconf 67' lang='lat' dir='ltr'>pltaretrius]</span> <span class='ocrx_word' id='word_1_484' title='bbox 1998 3677 2128 3719; x_wconf 69' lang='lat' dir='ltr'>scripsi,</span> <span class='ocrx_word' id='word_1_485' title='bbox 2144 3678 2316 3710; x_wconf 80' lang='lat' dir='ltr'>fraretrius</span> <span class='ocrx_word' id='word_1_486' title='bbox 2333 3678 2373 3717; x_wconf 84' lang='lat' dir='ltr'>G,</span> 
     </span>
     <span class='ocr_line' id='line_1_50' title="bbox 187 3729 2373 3779; baseline 0.004 -21"><span class='ocrx_word' id='word_1_487' title='bbox 187 3730 228 3761; x_wconf 58' lang='grc' dir='ltr'>στ’.</span> <span class='ocrx_word' id='word_1_488' title='bbox 252 3731 348 3769; x_wconf 59' lang='lat' dir='ltr'>Grrss.</span> <span class='ocrx_word' id='word_1_489' title='bbox 373 3729 407 3761; x_wconf 70' lang='grc' dir='ltr'>Γ.</span> <span class='ocrx_word' id='word_1_490' title='bbox 430 3730 520 3763; x_wconf 70' lang='lat' dir='ltr'>Patr.</span> <span class='ocrx_word' id='word_1_491' title='bbox 538 3731 639 3772; x_wconf 74' lang='lat' dir='ltr'>XI‘J,</span> <span class='ocrx_word' id='word_1_492' title='bbox 656 3736 692 3764; x_wconf 82' lang='grc'>3.·</span> <span class='ocrx_word' id='word_1_493' title='bbox 711 3734 837 3765; x_wconf 75' lang='lat' dir='ltr'>Faretri</span> <span class='ocrx_word' id='word_1_494' title='bbox 856 3734 1030 3766; x_wconf 83' lang='lat' dir='ltr'>cniusdam</span> <span class='ocrx_word' id='word_1_495' title='bbox 1050 3748 1168 3769; x_wconf 73' lang='lat' dir='ltr'>servus</span> <span class='ocrx_word' id='word_1_496' title='bbox 1273 3737 1312 3770; x_wconf 80' lang='lat'>31</span> <span class='ocrx_word' id='word_1_497' title='bbox 1332 3737 1450 3768; x_wconf 71' lang='lat' dir='ltr'>malim</span> <span class='ocrx_word' id='word_1_498' title='bbox 1468 3748 1525 3779; x_wconf 81' lang='lat' dir='ltr'>pro</span> <span class='ocrx_word' id='word_1_499' title='bbox 1544 3736 1674 3768; x_wconf 87' lang='lat' dir='ltr'>uisione</span> <span class='ocrx_word' id='word_1_500' title='bbox 1692 3741 1809 3767; x_wconf 79' lang='lat' dir='ltr'>mutua</span> <span class='ocrx_word' id='word_1_501' title='bbox 1915 3733 1958 3766; x_wconf 84' lang='grc'>36</span> <span class='ocrx_word' id='word_1_502' title='bbox 1976 3735 2079 3767; x_wconf 79' lang='lat' dir='ltr'>uicari</span> <span class='ocrx_word' id='word_1_503' title='bbox 2102 3734 2131 3765; x_wconf 84' lang='lat' dir='ltr'><em>G</em></span> <span class='ocrx_word' id='word_1_504' title='bbox 2194 3732 2243 3777; x_wconf 78' lang='lat' dir='ltr'>ut]</span> <span class='ocrx_word' id='word_1_505' title='bbox 2259 3746 2321 3766; x_wconf 74' lang='lat'><em>0711.</em></span> <span class='ocrx_word' id='word_1_506' title='bbox 2343 3734 2373 3766; x_wconf 81' lang='lat' dir='ltr'><em>G</em></span> 
     </span>
    </p>
   </div>
   <div class='ocr_carea' id='block_1_17' title="bbox 2436 1115 2468 1138">
    <p class='ocr_par' dir='ltr' id='par_1_17' title="bbox 2436 1115 2468 1138">
     <span class='ocr_line' id='line_1_51' title="bbox 2436 1115 2468 1138; baseline 0 0"><span class='ocrx_word' id='word_1_507' title='bbox 2436 1115 2468 1138; x_wconf 85' lang='lat'>10</span> 
     </span>
    </p>
   </div>
   <div class='ocr_carea' id='block_1_18' title="bbox 2434 1460 2465 1483">
    <p class='ocr_par' dir='ltr' id='par_1_18' title="bbox 2434 1460 2465 1483">
     <span class='ocr_line' id='line_1_52' title="bbox 2434 1460 2465 1483; baseline 0 0"><span class='ocrx_word' id='word_1_508' title='bbox 2434 1460 2465 1483; x_wconf 85' lang='lat'>15</span> 
     </span>
    </p>
   </div>
   <div class='ocr_carea' id='block_1_19' title="bbox 2431 1802 2464 1827">
    <p class='ocr_par' dir='ltr' id='par_1_19' title="bbox 2431 1802 2464 1827">
     <span class='ocr_line' id='line_1_53' title="bbox 2431 1802 2464 1827; baseline 0 0"><span class='ocrx_word' id='word_1_509' title='bbox 2431 1802 2464 1827; x_wconf 75' lang='lat'>20</span> 
     </span>
    </p>
   </div>
   <div class='ocr_carea' id='block_1_20' title="bbox 2419 2986 2450 3010">
    <p class='ocr_par' dir='ltr' id='par_1_20' title="bbox 2419 2986 2450 3010">
     <span class='ocr_line' id='line_1_54' title="bbox 2419 2986 2450 3010; baseline 0 0"><span class='ocrx_word' id='word_1_510' title='bbox 2419 2986 2450 3010; x_wconf 82' lang='lat'>35</span> 
     </span>
    </p>
   </div>
  </div>
 </body>
</html>
