2583 4011
868 211 1005 247 LIBER
1036 212 1060 252 Ι,
1097 212 1178 246 xlv
1206 214 1225 255 ξς·
1254 214 1268 246 1
1298 231 1340 237 —
1368 211 1485 245 xvnl
1513 212 1532 253 ξ
1563 214 1589 246 1.
2242 215 2323 252 3119

133 332 332 388 templor,
373 330 502 371 etiam
538 328 783 370 carnalibus
815 341 992 370 cernere
1027 328 1339 382 concupiscam.
1392 342 1517 382 quam
1543 327 1595 367 ob
1625 341 1714 367 rem
1748 328 1866 368 salve
1891 328 1931 368 in
1957 327 2128 368 Christo
2152 327 2324 368 domino
2371 329 2394 367 :3
2437 327 2477 369 (τ’

134 400 366 457 plurimum
398 397 567 449 dicens,
606 398 837 452 specialius
870 410 1047 453 quaeso,
1087 401 1133 437 ut
1167 411 1247 437 una
1283 411 1378 437 cum
1413 396 1568 437 domno
1603 411 1696 436 mco
1737 397 1962 451 episcopo.
2002 411 2128 451 quem
2163 397 2215 437 ad
2249 411 2326 437 nos

131 474 360 511 venturum
393 481 469 522 pro
503 480 582 507 sua
613 466 866 520 dignatione.
901 464 1080 511 confido,
1114 465 1237 505 vobis
1270 465 1323 506 ad
1355 465 1641 506 bumilitatem
1667 470 1854 505 nostram
1882 465 2137 505 visitandam
2162 466 2327 506 faciatis

132 539 351 585 iniuriam,
392 540 438 576 ut
476 535 691 591 possimus
734 535 774 575 in
817 549 946 576 unum
987 534 1113 590 positi
1156 536 1340 575 fructum
1381 534 1433 575 de
1478 539 1621 575 nostra
1661 534 1842 574 invicem
1876 548 2031 589 capere
2066 536 2325 588 praesentiat.

79 619 93 643 ⁵
132 609 232 650 dum
264 606 524 648 sciscitantis
558 605 739 645 intentio
773 605 820 645 fit
855 603 1161 660 respondentis
1204 604 1390 645 eruditio
1433 611 1475 645 et
1519 608 1691 644 mutuus
1724 602 1906 657 quodam
1942 602 2064 642 modo
2111 604 2329 658 profectus

65 1113 98 1136 10

69 1808 102 1833 20

68 2158 100 2182 ¹25

75 2509 109 2534 30

79 2934 112 2959 35

132 675 338 718 discentis
371 674 560 716 efficitur
591 678 634 714 et
666 673 876 716 docentis
938 688 1037 730 pax,
1070 688 1172 729 pax,
1204 687 1302 728 pax.

1166 833 1312 875 XVII.

187 927 399 970 DOMNO
432 925 668 968 ANIMAE
710 925 864 967 SUAE
906 925 981 966 ET
1021 926 1194 967 TOTIS
1236 926 1295 967 IN
1330 925 1589 966 ‹¹11ms'ro
1624 924 1860 966 DOMINO
1895 924 2280 966 DILECTIONIs

248 995 607 1038 VISCERIBUS
633 994 1001 1036 EXCOLENDO
1026 995 1297 1036 J’oMERlo
1324 994 1544 1036 ABBA'rl
1573 993 1857 1035 nummus
1882 993 2223 1035 El'lSCOPUS.

271 1085 491 1147 Summum
525 1109 610 1150 est.
645 1105 756 1145 sicut
788 1104 871 1160 ipsi
904 1103 1058 1145 melius
1091 1104 1246 1144 nostis:
1288 1104 1412 1144 mihi
1447 1103 1698 1148 vindicta.
1745 1118 1837 1158 ego
1870 1102 2172 1144 retribuum.
2206 1101 2336 1142 (licit
2388 1105 2397 1142 1

134 1175 392 1218 dominus.
442 1175 526 1216 iam
559 1188 633 1215 vos
666 1173 768 1214 mihi
801 1173 835 1213 si
859 1172 959 1228 quid
983 1173 1219 1228 imputatis.
1253 1173 1477 1227 ignoscite,
1512 1173 1612 1228 quia
1635 1173 1793 1217 sciatis,
1826 1172 2046 1213 dominum
2071 1171 2330 1213 vindicasse.

134 1250 222 1287 tam
267 1245 374 1286 aviis
417 1257 512 1285 esse
557 1257 634 1283 nos
672 1242 902 1283 itineribus
947 1242 1155 1283 noveritis
1196 1243 1237 1283 in
1280 1248 1365 1283 tam
1411 1242 1581 1283 abditas
1624 1242 1879 1283 solitudines
1925 1242 2139 1286 inductos,
2185 1246 2231 1281 ut
2263 1255 2337 1281 0110

135 1318 337 1356 retexere
370 1313 539 1354 animus
572 1312 759 1362 horreat,
794 1325 914 1352 mens
945 1312 1145 1366 refugiat,
1178 1326 1319 1352 sermo
1345 1326 1426 1352 non
1451 1317 1595 1366 queat.
1649 1312 1906 1352 incurrimus
1931 1325 2115 1366 namque
2141 1310 2337 1351 semitam
2384 1311 2408 1348 2

137 1383 404 1425 obstructam
429 1382 574 1433 ramis,
607 1380 748 1437 spatio
772 1381 1064 1426 constrictam,
1094 1381 1230 1436 spinis
1256 1381 1425 1431 hirtam,
1456 1381 1663 1436 stirpibus
1687 1382 1894 1422 clausam.
1920 1381 2104 1421 obsitam
2129 1379 2339 1421 sentibus.

84 1472 98 1486 υ
137 1453 222 1494 situ
254 1465 473 1508 asperam,
517 1463 721 1492 saxorum
763 1450 998 1505 aggeribus
1039 1449 1311 1505 impeditam,
1355 1449 1548 1491 radicum
1590 1451 1833 1491 conexione
1875 1454 2158 1491 constratam.
2206 1462 2340 1488 caeno

137 1521 458 1577 voraginosam,
502 1524 549 1560 ut
588 1519 628 1560 in
671 1523 757 1560 tam
790 1519 922 1560 variis
963 1523 1138 1574 tamque
1182 1519 1498 1575 multiplicibus
1540 1520 1663 1560 malis
1701 1534 1787 1561 non
1827 1525 1944 1561 esset
1986 1519 2173 1574 simplex
2207 1519 2341 1557 forma

137 1591 342 1648 periculi,
388 1589 489 1630 dum
527 1589 793 1631 caballorum
833 1588 968 1644 pedes
1007 1588 1202 1629 radicum
1236 1589 1370 1629 virtus
1414 1588 1582 1630 detinet
1620 1594 1662 1630 et
1695 1590 1772 1630 soli
1806 1589 1991 1645 putredo
2025 1602 2109 1629 non
2144 1586 2342 1628 sustinet.

135 1660 352 1702 montibus
384 1673 486 1700 vero
520 1659 580 1699 ita
612 1659 655 1699 in
690 1657 874 1699 sublime
907 1662 1151 1713 porrectam
1185 1663 1227 1699 et
1257 1658 1443 1699 vallibus
1477 1659 1520 1699 in
1553 1658 1765 1714 profundo
1798 1658 2058 1701 demersam.
2091 1660 2137 1697 ut
2161 1671 2238 1697 nos
2266 1669 2344 1710 per

136 1730 351 1772 undosum
374 1743 508 1781 mare,
541 1728 834 1770 excitantibus
859 1742 956 1769 eum
981 1732 1205 1770 ventorum
1231 1728 1515 1769 saevientium
1547 1728 1708 1779 flabris,
1742 1733 1892 1784 erepto
1925 1727 1979 1768 ab
2014 1726 2150 1767 oculis
2184 1725 2341 1766 nostris

138 1800 309 1842 nebulis
351 1813 401 1840 ac
440 1798 628 1840 nubibus
669 1798 759 1851 die,
806 1798 888 1838 iter
926 1811 1058 1853 agere
1102 1797 1398 1839 crederemus:
1460 1798 1581 1853 quia,
1631 1798 1801 1838 etiamsi
1846 1796 2006 1838 mundo
2048 1795 2193 1836 radius
2241 1794 2339 1835 solis
2385 1796 2408 1831 23

136 1870 315 1921 inluxit,
360 1867 414 1910 ad
452 1882 532 1909 nos
572 1882 676 1923 prae
717 1867 931 1909 densitate
970 1867 1157 1908 nemoris
1191 1867 1396 1923 splendor
1428 1867 1562 1922 ipsius
1597 1871 1639 1908 et
1672 1867 1788 1908 calor
1819 1866 2048 1922 pervenire
2082 1879 2163 1905 non
2196 1863 2342 1910 valuit,

142 1938 243 1980 dum
275 1952 354 1979 nos
387 1938 448 1978 ita
478 1951 556 1993 per
586 1938 669 1978 iter
700 1937 936 1979 infelicium
971 1937 1132 1978 filicum
1164 1937 1406 1992 proceritas
1429 1937 1586 1991 premit
1611 1936 1735 1977 etsie
1758 1935 1980 1977 inundatio
2004 1935 2113 1975 roris
2137 1933 2343 1989 aspergit,

138 2013 185 2050 ut
207 2007 416 2050 contracti
432 2007 594 2062 frigore
613 2007 682 2048 vel
705 2007 843 2048 coacti
867 2006 1140 2062 apricitatem
1163 2006 1274 2061 ignis
1297 2006 1470 2061 plurimi
1494 2005 1647 2047 diebus
1672 2005 1998 2061 cynocaumatis
2018 2016 2341 2058 quaereremus.

141 2077 216 2120 sed
259 2091 355 2118 011111
396 2076 449 2118 ad
490 2077 631 2118 locum
675 2075 729 2117 ad
770 2090 897 2132 quem
945 2076 1155 2118 tendebat
1201 2077 1383 2117 intentio
1425 2075 1801 2131 pervenissemus.
1850 2074 2000 2115 vallati
2048 2073 2171 2128 aquis
2216 2076 2344 2125 atque
2390 2073 2412 2109 4

136 2148 371 2190 madefacti
404 2148 472 2188 siti
505 2147 753 2203 occepimus
796 2147 1014 2203 deperire,
1059 2146 1159 2202 quia
1202 2160 1297 2187 cum
1340 2151 1476 2192 esset,
1519 2150 1565 2185 ut
1603 2144 1811 2193 diximus,
1854 2144 1969 2198 rigor
2008 2143 2050 2183 in
2089 2155 2209 2185 aere.
2255 2143 2346 2180 crat

141 2223 288 2260 tamen
320 2221 445 2273 tepor
477 2217 520 2257 in
553 2216 685 2263 fonte,
718 2216 824 2257 odor
855 2217 895 2257 in
929 2217 1117 2267 flumine,
1151 2216 1280 2258 ardor
1311 2217 1353 2257 in
1387 2230 1552 2271 campo,
1587 2220 1733 2256 aestus
1767 2217 1809 2256 in
1843 2219 1998 2255 castro.
2056 2217 2110 2263 et,
2144 2216 2190 2253 ut
2223 2211 2342 2252 brevi

144 2302 342 2329 sermone
375 2287 576 2328 universa
610 2286 884 2338 concludam,
927 2300 1005 2342 per
1042 2286 1174 2327 talem
1214 2287 1327 2327 viam
1365 2301 1444 2327 nos
1488 2286 1571 2327 iter
1611 2286 1753 2340 egisse
1796 2283 2064 2339 cognoscite,
2110 2296 2187 2336 per
2220 2294 2344 2335 quam

144 2371 224 2399 nec
269 2356 322 2398 ad
366 2355 634 2412 paradisum,
677 2370 758 2397 non
801 2355 940 2397 dicam
981 2355 1035 2397 ad
1068 2356 1268 2396 exsilium
1302 2356 1527 2411 quisquam
1561 2355 1622 2396 ire
1658 2354 1892 2396 desideret.
1954 2355 2216 2407 quapropter
2249 2350 2348 2405 quia
2392 2351 2415 2388 5

143 2429 253 2471 haec
292 2428 438 2470 omnia
475 2427 674 2468 dominus
714 2431 862 2469 noster
900 2431 942 2468 et
978 2441 1046 2468 me
1087 2427 1308 2467 incurrere
1353 2430 1395 2466 et
1433 2438 1510 2466 vos
1549 2424 1674 2465 iussit
1714 2423 1920 2472 evadere,
1969 2425 2151 2477 peccata
2188 2434 2285 2461 mea
2324 2433 2349 2459 a

143 2498 298 2541 vestris
330 2497 496 2538 meritis
529 2497 660 2539 etiam
691 2496 853 2538 visibili
885 2497 1040 2538 itincre
1073 2496 1343 2540 discernens,
1378 2499 1420 2536 et
1443 2508 1532 2547 VOS,
1567 2494 1637 2549 qui
1669 2499 1762 2534 arta
1791 2497 1833 2534 et
1855 2491 2075 2533 laboriosa
2099 2489 2349 2546 spiritaliter

143 2567 322 2625 pergitis
362 2567 452 2618 via,
499 2567 624 2608 istius
668 2580 752 2609 non
800 2565 1001 2608 inceditis
1051 2565 1275 2621 angustias
1318 2569 1360 2606 et
1399 2578 1498 2615 nos,
1549 2563 1620 2619 qui
1659 2563 1748 2603 lata
1790 2566 1833 2602 et
1878 2561 2071 2617 spatiosa
2113 2564 2347 2600 retrorsum

146 2650 317 2691 semper
346 2635 630 2690 respicientes
662 2635 925 2687 incedimus,
959 2635 1085 2676 huius
1118 2635 1375 2676 incurrimus
1408 2633 1601 2674 iniurias.
1667 2637 1788 2673 orate
1821 2631 2059 2680 dominum,
2105 2629 2169 2669 cui
2204 2628 2348 2668 omnia

147 2705 374 2762 possibilia
406 2705 674 2756 confitemur,
707 2709 755 2746 ut
787 2705 866 2746 etsi
901 2719 979 2761 per
1011 2704 1229 2746 diversum
1262 2704 1356 2750 iter,
1389 2703 1443 2744 ad
1475 2717 1604 2743 unam
1638 2716 1714 2742 nos
1748 2707 1893 2742 tamen
1918 2700 2068 2740 urbem
2091 2698 2222 2739 faciat
2248 2711 2349 2737 con—

147 2775 309 2822 venire,
342 2775 384 2814 in
417 2788 545 2829 quam
577 2788 656 2815 nos
689 2774 993 2815 misericordia
1023 2777 1169 2829 potest
1200 2773 1375 2820 inferre,
1407 2787 1481 2813 vos
1515 2772 1684 2813 merita.

1165 2921 1335 2963 XVIII.

262 3015 629 3057 DULCISSIMO
661 3015 737 3056 ΕΤ
770 3013 1050 3056 UNANIMO
1083 3014 1245 3055 FILIO
1280 3013 1560 3054 OMMATIO
1593 3011 1881 3054 R17RICJUS
1913 3008 2255 3051 EPISCOPUS.

295 3106 381 3167 UT
423 3140 501 3182 per
539 3125 779 3170 Venerium
827 3123 1043 3165 dulcedini
1089 3128 1190 3164 tuae
1237 3137 1323 3164 non
1373 3123 1627 3166 scriberem.
1676 3137 1759 3162 non
1805 3120 2111 3175 neglegentiae
2154 3132 2233 3159 nec
2277 3118 2353 3157 im-
2403 3119 2415 3155 1

150 3195 389 3252 putationis
432 3195 614 3236 alicuius
658 3194 732 3235 sed
779 3194 1074 3249 occupationis
1116 3194 1252 3234 fuisse
1295 3207 1520 3247 cognosce.
1589 3191 1704 3233 unde
1745 3191 1822 3232 has
1865 3204 1941 3245 per
1978 3189 2196 3229 Amelium
2241 3186 2353 3237 dedi,

292 3334 336 3368 10
360 3333 464 3367 Rom.
492 3332 573 3373 XII,
599 3333 654 3368 19.
770 3332 815 3366 33
840 3331 898 3365 Ps.
917 3331 1043 3371 CXXI,
1069 3331 1101 3365 3.

288 3414 310 3448 2
328 3413 463 3458 domno]
483 3415 512 3447 G
626 3413 649 3447 4
666 3416 838 3459 presenti5⁴
855 3416 901 3447 G.-
918 3416 961 3458 cf.
979 3415 1078 3458 infra
1093 3414 1147 3455 II,
1162 3416 1204 3447 63
1313 3412 1334 3445 8
1351 3411 1489 3456 domno]
1508 3413 1537 3445 G
1648 3412 1691 3446 10
1707 3413 1892 3445 uindictam
1912 3411 1941 3441 G
2049 3408 2092 3441 12
2109 3419 2195 3440 auus
2212 3407 2252 3447 G,
2269 3418 2356 3438 corr.

151 3472 195 3506 14
212 3475 368 3507 sensibus
385 3473 414 3505 G
555 3472 597 3505 16
623 3485 758 3516 uora*g
774 3474 798 3515 (i
815 3485 840 3505 s.
861 3473 898 3514 l.)
914 3485 1028 3505 nosam
1049 3474 1079 3505 G
1221 3470 1262 3504 18
1281 3472 1461 3504 dimersam
1480 3471 1509 3504 G
1650 3469 1692 3502 19
1715 3468 1808 3512 011111]
1831 3470 1860 3501 G
1998 3465 2043 3499 22
2067 3463 2207 3506 filicum]
2227 3463 2358 3505 scripsi,

153 3532 290 3564 felicum
313 3531 353 3572 G,
378 3531 528 3563 felicium
549 3530 706 3562 C'cmz'sius
800 3532 828 3563 si
858 3530 887 3561 G
1026 3529 1072 3562 23
1097 3531 1222 3573 frigore
1247 3527 1316 3571 uel]
1343 3529 1382 3568 G,
1408 3530 1578 3571 frigoreue
1598 3528 1786 3560 Mommsen
1880 3520 2131 3568 quaereremus]
2159 3521 2358 3559 „llommsem

151 3590 325 3632 querimus
346 3589 376 3620 G
492 3587 536 3620 24
562 3587 677 3632 quem]
699 3601 761 3621 om.
780 3589 810 3621 G
925 3587 970 3621 26
997 3589 1031 3621 111
1049 3589 1194 3621 comite?
1215 3599 1302 3619 corr.
1322 3588 1355 3619 111
1379 3598 1498 3630 campo
1517 3587 1565 3619 G¹
1686 3584 1726 3617 31
1756 3580 1922 3624 inceditis]
1942 3581 2072 3623 scripsi,
2098 3579 2296 3612 incederetis
2319 3578 2358 3617 G,

151 3647 306 3679 incedere
331 3647 461 3679 debetis
487 3646 572 3678 coni.
590 3646 779 3678 Mommsen
864 3657 932 3678 11011
954 3645 1017 3685 (1¹¹,
1041 3656 1129 3677 corr.
1152 3644 1181 3675 G
1193 3644 1200 3662 ¹
1344 3642 1388 3675 32
1413 3640 1632 3684 incurrimus]
1655 3642 1684 3674 G
1777 3641 1830 3672 cui
1852 3657 1893 3661 —-
1913 3637 1957 3670 34
1977 3635 2108 3678 merita]
2135 3637 2229 3678 infra
2252 3635 2273 3666 I
2276 3635 2303 3675 I,
2318 3638 2360 3667 52

153 3705 303 3747 repetivit
443 3702 488 3736 33
512 3704 575 3736 etsi
600 3715 659 3746 per
683 3701 870 3746 diuersum]
898 3703 926 3735 si
951 3713 1012 3745 per
1037 3702 1069 3733 di
1094 3713 1110 3734 e
1136 3713 1224 3734 corr.
1247 3701 1297 3733 G¹
1395 3712 1464 3733 una
1493 3701 1522 3733 G
1662 3698 1706 3731 36
1732 3694 1902 3738 ommatio]
1929 3695 2059 3737 scripsi,
2090 3694 2132 3735 cf.
2155 3693 2252 3735 Grey.
2278 3692 2358 3725 Tur.

152 3761 242 3794 Hist.
269 3761 331 3793 Fr.
352 3760 430 3801 III,
448 3763 495 3793 17.
523 3760 567 3801 X,
583 3763 634 3801 31,
660 3763 788 3794 omacio
818 3762 846 3794 G
