2583 4011
128 942 161 966 10

125 1287 155 1312 15

119 1633 153 1657 20

112 2245 144 2269 25

111 2590 144 2614 30

1025 187 1160 220 LIBER
1192 187 1251 230 IV,
1277 191 1299 220 s
1317 189 1373 230 §4
1400 209 1441 213 —
1472 191 1514 222 lo
1534 193 1599 231 §a
2356 204 2402 240 ol

204 307 464 349 existimavi.
526 305 713 361 primore
753 305 868 344 loco.
911 301 1024 357 quod
1066 303 1157 343 iure
1201 303 1359 343 ceteris
1401 304 1601 345 laudibus
1635 311 1971 361 anteponenms,
2017 319 2158 352 servat
2199 314 2407 355 inlaesam

202 376 376 417 domino
401 375 555 416 domus
587 388 665 428 par
697 371 968 428 pudicitiam:
1002 371 1114 411 servi
1147 370 1276 412 utiles
1310 372 1476 425 (rustici
1510 374 1725 427 morigeri,
1760 375 1912 416 urbani
1945 380 2088 421 amici)
2123 381 2403 423 oboedientes

203 450 472 502 patronoque
506 442 720 486 contenti:
763 455 914 482 mensa
954 454 1040 480 non
1077 440 1218 480 minus
1259 454 1442 494 pascens
1483 441 1698 496 hospitem
1735 457 1862 496 quam
1896 446 2119 490 clientem„
2161 450 2403 491 huumnitas

201 515 378 571 grandis
412 513 702 569 grandiorque
737 511 963 552 sobrietas.
1026 510 1099 550 illa
1121 509 1298 560 leviora,
1331 510 1444 564 quod
1468 510 1575 565 ipse,
1608 526 1734 565 quem
1760 513 1986 567 loquimur.
2021 517 2060 556 in
2085 519 2205 571 ‹·qnis
2230 520 2408 560 canibus

200 584 481 640 accipitribus
520 580 802 623 instituendis
845 578 1094 634 spectandis
1139 578 1496 620 circumferendis
1543 581 1647 620 nulli
1696 581 1934 625 secundus:
1986 599 2174 625 summus
2219 588 2329 628 nitor
2368 589 2406 629 in

200 654 414 701 vestibus,
455 652 595 692 cultus
629 651 673 691 in
706 649 914 704 cingulis,
961 646 1167 703 splendor
1200 647 1240 687 in
1274 647 1488 702 phaleris:
1529 662 1765 704 pomposus
1801 650 2020 699 incessus,
2062 654 2227 695 animus
2270 657 2407 696 scrius

197 724 300 779 (iste
334 721 552 778 publicam
584 719 728 769 fidem,
761 719 835 759 ille
870 717 1082 773 privatam
1116 716 1273 757 asserit
1305 715 1603 771 dignitatem);
1638 719 1837 759 remissio
1872 734 1955 761 non
1989 722 2158 766 vitians.
2193 727 2405 779 correptio

198 807 281 834 non
314 795 560 835 cruentans,
595 793 639 830 et
672 788 886 830 severitas
920 787 1015 827 cius
1048 786 1408 842 temperamenti.
1442 801 1552 841 qnae
1586 801 1669 828 non
1703 788 1756 828 sit
1789 794 1927 829 taetra
1960 790 2037 830 sed
2070 792 2236 834 tetrica.
2299 794 2409 834 inter
2453 799 2460 831 ἶ

197 863 304 903 haec
343 874 565 902 sacrorum
606 858 870 899 voluminum
914 856 1045 897 lectio
1084 856 1312 910 frequens,
1361 870 1438 912 per
1476 871 1603 912 quam
1651 858 1763 899 inter
1805 858 2020 900 edendum
2062 862 2236 916 saepius
2278 863 2406 903 sumit

196 932 367 972 animae
417 929 582 972 cibum:
635 928 828 984 psalmos
876 926 1029 967 crebro
1079 926 1267 973 lectitat,
1316 926 1511 967 crebrius
1559 931 1726 969 cantat:
1778 942 1976 983 novoque
2025 944 2186 983 genere
2236 932 2404 972 vivendi

197 1000 455 1041 monachum
489 998 681 1053 complet
713 1011 797 1038 non
832 996 910 1036 sub
945 996 1122 1051 palliolo
1157 995 1232 1037 sed
1269 995 1348 1036 sub
1383 995 1712 1051 paludamento:
1746 997 1935 1038 ferarum
1970 999 2171 1039 carnibus
2205 1000 2405 1049 abstinet,

196 1069 395 1111 cursibus
436 1067 704 1123 adquiescit:
752 1067 898 1122 itaque
945 1066 1114 1106 occulte
1162 1064 1438 1119 delicateque
1486 1066 1716 1119 religiosus¹
1766 1072 1923 1108 venatu
1971 1068 2106 1108 utitur
2156 1083 2234 1109 nec
2275 1070 2408 1110 utitur

196 1140 439 1180 venatione.
502 1137 634 1178 filiam
667 1136 839 1176 unicam
873 1148 1050 1191 parvam
1083 1138 1183 1189 post
1224 1133 1387 1174 obitum
1428 1134 1577 1175 uxoris
1620 1135 1814 1176 relictam
1855 1137 2015 1177 solacio
2057 1138 2296 1178 caelibatus
2331 1139 2405 1178 alit

193 1209 309 1249 avita
340 1206 648 1254 teneritudine,
683 1209 880 1246 materna
911 1203 1155 1258 diligentia,
1191 1208 1375 1258 paterna
1408 1203 1700 1259 benignitate:
1735 1219 1839 1259 erga
1873 1205 2080 1246 familiam
2105 1220 2226 1247 suam
2262 1207 2404 1247 necin

192 1277 452 1334 proferendo
487 1275 678 1331 alloquio
711 1275 859 1315 minax
891 1287 971 1314 nec
1012 1273 1052 1314 in
1097 1272 1368 1313 admittendo
1407 1274 1590 1315 consilio
1631 1289 1819 1330 spernax
1861 1289 1939 1315 nec
1982 1276 2023 1316 in
2065 1283 2183 1316 reatu
2226 1276 2403 1317 investi-

191 1346 333 1402 gando
367 1359 635 1402 persequax:
679 1343 976 1385 subiectorum
1011 1346 1170 1383 statum
1206 1342 1594 1397 condicionemque
1628 1358 1712 1384 non
1746 1344 1936 1385 dominio
1970 1346 2045 1386 sed
2080 1346 2238 1386 iudicio
2272 1347 2404 1399 regit:

189 1421 316 1472 putes
361 1430 459 1457 eum
504 1414 724 1471 propriam
764 1413 936 1454 domum
978 1426 1064 1452 non
1104 1411 1331 1466 possidere
1374 1411 1450 1452 sed
1493 1412 1638 1467 potius
1682 1412 2000 1456 administrare.
2071 1428 2151 1469 qua
2196 1414 2403 1455 industria

189 1487 269 1527 viri
303 1500 352 1527 ac
385 1484 677 1540 temperantia
710 1484 906 1539 inspecta
938 1481 992 1523 ad
1026 1481 1290 1536 reliquorum
1324 1495 1495 1536 quoque
1529 1482 1678 1523 censui
1713 1483 1930 1538 pertinere
1975 1484 2337 1527 informationem.
2371 1485 2403 1524 si

190 1556 258 1596 vel
292 1559 593 1596 summotenus
623 1554 713 1594 vita
746 1553 907 1594 ceteris
939 1552 1040 1593 talis
1072 1551 1396 1607 publicaretur.
1439 1551 1491 1592 ad
1521 1566 1647 1606 quam
1683 1552 1949 1607 sequendam
1984 1558 2159 1608 praeter
2192 1554 2400 1594 habitum.

190 1638 274 1680 quo
308 1624 477 1665 interim
512 1623 737 1679 praesenti
770 1621 947 1662 saeculo
980 1621 1229 1677 imponitur,
1265 1635 1416 1662 omnes
1439 1627 1615 1662 nostrae
1640 1622 1926 1676 professionis
1952 1622 2146 1663 homines
2170 1623 2402 1662 utilissime

188 1694 488 1739 incitarentur,
522 1693 638 1748 quia.
671 1692 787 1747 quod
820 1706 929 1747 pace
964 1691 1127 1732 ordinis
1161 1691 1246 1731 mei
1282 1691 1488 1740 dixerim,
1524 1692 1559 1731 si
1594 1696 1759 1732 tantum
1794 1692 1906 1732 bona
1941 1692 2108 1746 singula
2145 1693 2186 1732 in
2221 1692 2402 1745 singulis

186 1767 325 1805 erunt.
362 1763 460 1817 plus
495 1776 577 1817 ego
613 1762 804 1802 admiror
837 1760 1155 1802 sacerdotalem
1190 1761 1328 1801 virum
1361 1774 1488 1815 quam
1523 1760 1811 1802 sacerdotem.
1874 1762 1983 1802 vale.

1263 1956 1318 1999 X.

795 2048 1077 2091 SIDONIUS
1110 2048 1312 2090 FELIOI
1346 2047 1461 2090 SUO
1495 2048 1791 2090 SALUTEM.

330 2129 517 2190 ERUMPO
550 2149 593 2189 in
626 2149 936 2190 salutationem
972 2148 1075 2190 licet
1110 2162 1268 2199 seram,
1302 2147 1477 2189 domine
1510 2162 1646 2201 meus,
1679 2149 1802 2189 annis
1837 2148 1932 2204 ipse
1955 2148 2038 2188 iam
2064 2148 2207 2193 multis
2234 2148 2397 2188 insalu-

182 2223 310 2271 tatus,
342 2218 632 2274 frequentiam
665 2219 827 2260 veteris
861 2219 992 2260 officii
1025 2233 1202 2260 servare
1238 2232 1324 2259 non
1367 2217 1552 2263 audens.
1597 2224 1827 2274 postquam
1862 2232 1930 2259 me
1965 2218 2045 2258 soli
2078 2218 2204 2273 patrii
2240 2217 2397 2257 finibus

182 2288 451 2329 eliminatum
484 2288 852 2345 peregrinationis
886 2289 1071 2331 adversa
1104 2289 1346 2344 fregerunt.
1409 2293 1675 2344 quapropter
1698 2302 1774 2329 vos
1805 2301 1975 2343 quoque
2009 2288 2236 2342 ignoscere
2270 2286 2397 2327 decet

182 2357 563 2411 erubescentibus,
607 2357 821 2413 siquidem
861 2358 1064 2399 convenit
1105 2357 1356 2399 humiliatos
1405 2357 1583 2398 humilia
1627 2357 1784 2398 sectari
1827 2371 1967 2412 neque
2001 2371 2095 2398 cum
2130 2356 2214 2397 illis
2248 2370 2397 2411 parem

182 2428 490 2469 familiaritatis
523 2432 676 2469 tenere
709 2428 1020 2477 constantiam,
1062 2427 1219 2483 quibus
1258 2426 1369 2468 forte
1413 2427 1468 2468 sit
1509 2426 1753 2482 improbum
1787 2427 1883 2482 plus
1916 2426 2075 2467 amoris
2109 2440 2236 2480 quam
2270 2440 2393 2467 reve-

181 2499 347 2539 rentiae
380 2497 649 2553 impendere.
722 2501 903 2554 propter
944 2497 1025 2538 hoc
1067 2497 1255 2552 denique
1296 2497 1381 2537 iam
1422 2496 1495 2537 diu
1534 2500 1658 2537 taceo
1698 2509 1862 2551 vosque
1895 2496 2107 2543 tacuisse,
2155 2509 2251 2535 cum
2284 2495 2396 2535 filius

181 2582 303 2609 meus
336 2567 601 2608 Heliodorus
633 2566 716 2608 huc
741 2567 874 2618 venit,
906 2567 1046 2622 magis
1080 2567 1319 2607 toleranter
1352 2579 1479 2620 quam
1503 2565 1690 2606 libenter
1712 2565 1873 2620 accepi.
1927 2564 2005 2606 sed
2035 2563 2182 2604 dicere
2207 2564 2394 2605 solebas.

180 2650 440 2692 quamquam
472 2636 684 2691 fatigans,
723 2636 839 2692 quod
870 2651 1012 2678 meam
1045 2636 1169 2692 quasi
1202 2634 1451 2676 facundiam
1491 2648 1707 2678 vererere.
1771 2634 1998 2675 excusatio
2036 2634 2191 2674 istaec.
2230 2633 2396 2674 etiamsi

179 2705 332 2746 fuisset
364 2719 483 2753 vera,
515 2705 762 2757 transierat,
796 2707 897 2762 quia
929 2710 1027 2763 post
1059 2705 1339 2747 terminatum
1373 2703 1583 2757 libellum,
1617 2704 1688 2759 qui
1721 2717 1872 2758 parum
1906 2702 2061 2743 cultior
2093 2706 2172 2744 est.
2206 2700 2395 2756 reliquas

321 2855 338 2888 1
365 2857 485 2890 ceteris
510 2868 574 2889 om.
592 2857 621 2889 (J
689 2850 872 2889 laudabim’
899 2852 928 2886 C
996 2854 1147 2887 illaesam
1173 2853 1217 2884 M
1221 2852 1346 2886 TC'FP
1483 2852 1505 2884 2
1530 2853 1687 2886 (lominus
1713 2851 1741 2884 L
1815 2852 2016 2896 pudiciciam
2045 2849 2111 2882 CF
2176 2854 2255 2892 post
2280 2850 2398 2882 rustici

181 2938 203 2967 8
230 2937 291 2969 litt.
310 2948 398 2970 eras.
419 2935 474 2969 P¹
594 2936 616 2969 3
641 2942 890 2980 patronumque
908 2934 938 2967 L
1056 2933 1078 2965 5
1102 2934 1322 2977 expectandis
1340 2932 1369 2964 L
1487 2933 1508 2965 o
1533 2933 1646 2965 faleris
1663 2931 1692 2964 C
1761 2933 1920 2966 incensus
1940 2930 1976 2964 P
2097 2929 2116 2962 7
2142 2931 2199 2963 ille
2219 2929 2396 2970 LMTFP,

178 3017 241 3050 iste
265 3014 305 3048 F
396 3018 549 3050 remissio
575 3016 622 3060 (io
645 3017 681 3049 iu
706 3028 778 3049 mm.
806 3014 876 3058 P¹)
894 3013 930 3047 P
1021 3015 1151 3048 vicians
1174 3012 1247 3046 MC
1384 3012 1407 3046 8
1430 3014 1705 3057 temperamentis
1731 3013 1760 3056 (s
1785 3026 1874 3048 eras.
1891 3011 1954 3055 0²)
1973 3010 2001 3044 C
2138 3011 2159 3044 9
2184 3011 2396 3044 voluminum

179 3095 281 3139 (post.
307 3108 331 3129 u
363 3108 450 3130 corr.
477 3108 518 3129 esst
548 3109 566 3130 a
596 3096 659 3139 0¹)
688 3094 717 3127 (μ’
879 3095 923 3129 10
953 3066 1122 3129 ηογὲῃο(11
1289 3092 1332 3126 12
1357 3066 1471 3127 01111110
1499 3093 1549 3126 (1¹
1724 3093 1766 3126 13
1792 3094 1977 3127 venaeione
2004 3092 2033 3124 (2'
2147 3092 2265 3124 solatio
2291 3088 2400 3123 MCF

179 3176 222 3209 15
245 3177 466 3210 ammittendo
493 3177 522 3209 L
654 3176 696 3209 1ss
721 3177 1019 3219 conditionemque
1048 3173 1119 3208 (31⁴¹
1187 3175 1306 3207 iuditio
1335 3171 1374 3206 F
1513 3172 1554 3206 17
1580 3175 1635 3228 osli
1661 3186 1751 3208 corr.
1775 3186 1815 3207 err
1839 3179 1896 3208 eni
1926 3172 1964 3206 F
1973 3175 1982 3194 ¹
2066 3174 2312 3206 amministrare
2326 3169 2398 3203 MC

177 3259 256 3301 quia
280 3258 312 3290 L
505 3256 548 3290 19
572 3258 702 3291 abitum
730 3254 769 3289 F
968 3255 1013 3289 20
1037 3254 1233 3325 ἱηιροηίῖῒέὶ
1432 3254 1475 3286 21
1503 3256 1765 3288 inci-sstarcntur
1791 3254 1827 3297 (n
1852 3261 1887 3287 ut
1912 3267 1940 3287 v.
1965 3267 2052 3287 eras.
2082 3254 2149 3296 (12)
2179 3252 2208 3285 C
2324 3252 2388 3284 mei

176 3339 303 3371 ordinis
329 3336 442 3371 MCP
604 3336 649 3370 22
673 3339 833 3372 ammiror
858 3336 940 3369 LM
1052 3316 1260 3388 sacerdotem
1289 3332 1328 3366 F
1336 3336 1349 3354 2
1457 3335 1533 3368 vale
1558 3347 1620 3368 om.
1652 3332 1691 3367 F
1851 3334 1896 3368 23
1920 3335 2170 3378 inscriptionem
2196 3345 2264 3366 uno
2293 3344 2388 3364 rersn

175 3430 246 3451 vac.
272 3430 336 3451 om.
362 3418 393 3450 L
511 3419 657 3452 salutem
682 3430 748 3452 om.
777 3415 816 3450 F
989 3415 1035 3450 ⁴25
1058 3417 1156 3449 offitii
1186 3413 1225 3447 F
1408 3414 1452 3447 28
1476 3382 1518 3448 sit
1534 3413 1573 3447 F
1585 3415 1594 3434 ¹
1781 3415 1828 3449 30
1846 3421 1925 3459 pos!
1951 3416 2058 3458 magis
2083 3418 2104 3446 4
2130 3415 2191 3447 liet.
2218 3424 2305 3446 eras.
2336 3410 2389 3444 Ρ1

175 3497 219 3530 31
245 3510 440 3541 quanquam
466 3496 549 3530 LM
667 3499 765 3541 quasi
790 3510 816 3530 8.
843 3499 866 3530 l.
892 3498 974 3530 adel.
1007 3497 1056 3528 T²
1175 3467 1292 3530 νθῑιῗθτθ
1316 3494 1364 3527 M
1374 3495 1396 3538 ¹,
1435 3507 1552 3529 verere
1583 3495 1616 3527 T
1727 3497 1898 3529 excusabo
1931 3496 1972 3538 T,
2010 3495 2022 3527 l
2050 3495 2224 3528 excusatio
2249 3492 2331 3524 add.
2357 3492 2389 3522 iu

175 3589 284 3621 marq.
317 3578 372 3610 T²
490 3579 551 3611 ista
578 3579 661 3611 haec
687 3576 878 3611 MTC'FP
1054 3575 1099 3609 32
1123 3577 1182 3619 qui
1208 3575 1288 3617 LT,
1325 3587 1392 3618 qua
1420 3573 1498 3616 CF,
1529 3548 1597 3619 alifi
1623 3589 1665 3610 ex
1691 3584 1749 3620 pte
1774 3577 1808 3609 in
1834 3588 1943 3619 mary.
1969 3575 2052 3607 add.
2081 3572 2157 3613 F¹,
2197 3584 2264 3615 qno
2291 3572 2324 3612 (o
2350 3572 2382 3602 in

435 3631 465 3649 ln

176 3670 246 3691 ras.
275 3658 348 3700 P¹)
376 3658 420 3701 P,
458 3672 525 3702 quo
560 3660 610 3699 (in
635 3671 660 3691 8.
687 3660 709 3691 l.
735 3659 816 3691 add.
842 3665 872 3690 et
896 3671 915 3689 o
940 3659 974 3690 in
1002 3669 1071 3691 ras.
1098 3669 1185 3690 corr.
1213 3655 1292 3698 M2,
1326 3658 1424 3689 rao-ia
1451 3658 1549 3689 etiam
1576 3669 1678 3700 quam
1709 3670 1733 3690 s.
1765 3659 1788 3690 l.
1817 3658 1899 3690 add.
1927 3655 1990 3688 M¹
2031 3656 2167 3687 les—tiam
2199 3652 2315 3691 masa)
2346 3649 2394 3682 Μ

176 3740 299 3772 cultior
324 3746 374 3773 est
400 3738 595 3781 LMTCP,
622 3740 765 3772 cultiore
794 3738 832 3772 F
925 3752 969 3771 (171
998 3737 1079 3781 [qui]
1106 3749 1225 3780 parum
1249 3740 1456 3771 cultiorem?
1550 3739 1697 3780 reliquas
1723 3738 1834 3770 denuo
1860 3737 1986 3768 litteras
2012 3748 2072 3766 om.
2108 3734 2139 3765 ‘J'

2455 523 2478 560 tc.
