2583 4011
99 1538 121 1574 Ιὺ

168 142 218 180 70
986 128 1165 162 smoNu
1192 118 1535 161 EPISTULARUM

164 253 291 293 etiam
333 249 502 290 nomine
549 248 739 288 illorum,
788 245 858 299 qui
902 244 980 284 tibi
1021 241 1307 297 germanitate
1349 239 1564 280 coniuncti
1605 238 1693 278 fors
1736 251 1812 291 per
1851 240 2038 277 aetatem
2078 250 2232 292 sapere
2274 250 2359 276 non

163 324 363 376 possunt,
408 316 507 371 quid
548 315 738 356 muneris
780 317 1113 367 consequantur.
1186 324 1270 350 uon
1311 314 1378 350 est
1417 323 1491 349 cur
1522 308 1665 348 dicere
1704 306 1904 360 incipias:
1943 306 2097 347 ‘habeo
2135 309 2359 346 consortes

165 388 344 428 necdum
389 385 604 426 celebrata
648 383 797 423 divisio
844 386 932 425 est:
983 381 1152 421 avarius
1196 393 1264 419 me
1309 382 1478 418 constat
1518 390 1613 417 esse
1658 378 1889 415 tractatum
1935 388 2060 429 quam
2105 373 2362 415 coheredes:

163 458 295 497 frater
327 470 374 496 ae
409 468 524 494 soror
556 453 635 493 sub
668 452 790 492 annis
824 451 962 491 adhuc
999 448 1256 489 tutelaribus
1289 451 1444 501 agunt:
1486 445 1618 486 sorori
1651 444 1834 484 necdum
1866 444 2064 489 maritus,
2106 443 2227 483 fratri
2259 456 2360 483 nec-

163 526 260 566 dum
297 528 478 566 curator,
511 522 693 563 curatori
727 520 908 561 necdum
944 517 1178 559 satisdator
1210 517 1411 557 inventus
1436 513 1527 556 ests
1591 513 1702 568 quod
1725 512 1894 567 quidem
1920 516 2056 552 totum
2080 511 2361 552 creditoribus
2415 520 2429 540 ἵ»

162 595 290 636 bene.
336 593 410 634 sed
452 592 576 632 malis
616 591 789 631 dicitur:
833 594 875 628 at
916 601 1008 626 cum
1053 586 1183 625 babet
1224 585 1322 625 talis
1355 597 1540 638 persona
1573 586 1861 629 contractum,
1899 595 2009 636 quae
2043 580 2145 621 velit
2175 579 2361 620 medium

164 664 381 705 relaxare.
416 676 511 702 eum
545 669 679 700 totum
712 659 845 713 possit
879 657 1081 709 exigere.
1115 655 1148 694 si
1181 667 1341 693 morani
1375 652 1556 707 patitur,
1591 651 1792 705 quicquid
1824 654 1998 705 propter
2028 648 2363 689 misericordiam

165 736 436 773 concesserat
469 731 550 784 pie.
585 731 696 769 iuste
730 727 916 781 reposcit
947 728 1124 779 propter
1155 722 1367 763 iniuriam.
1428 722 1537 762 vale.

1193 915 1336 956 XXV.

723 1020 1002 1062 SIDONIUS
1037 1018 1328 1060 DOMNULo
1364 1016 1476 1058 SUO
1511 1015 1809 1057 SALUTEM.

311 1104 502 1171 Nnorno
535 1122 721 1165 differre,
756 1120 855 1174 quin
891 1118 1065 1173 grandis
1100 1117 1398 1158 communione
1430 1121 1472 1156 te
1506 1115 1650 1170 gaudii
1683 1114 1863 1154 festinus
1893 1113 2135 1168 inpertiam,
2167 1112 2365 1153 nimirum

167 1208 290 1233 nosse
322 1193 584 1247 cupientem.
627 1189 725 1245 quid
759 1193 884 1244 pater
916 1191 1064 1228 noster
1095 1187 1137 1226 in
1172 1186 1342 1226 Christo
1374 1185 1537 1241 pariter
1578 1189 1620 1224 et.
1658 1183 1853 1238 pontifex
1885 1183 2061 1222 Patiens
2095 1182 2366 1223 Cabillonum

166 1262 383 1316 profectus
410 1274 529 1300 more
554 1259 788 1313 religionis,
825 1271 940 1297 inore
965 1255 1230 1296 constantiae
1254 1269 1357 1294 suae
1381 1253 1546 1294 feeerit.
1595 1266 1690 1292 cum
1713 1251 1903 1292 Venisset
1925 1251 1967 1292 in
1991 1250 2194 1305 oppidum
2217 1265 2367 1306 supra-

167 1330 369 1384 scriptum
394 1328 716 1383 provincialium
746 1325 1015 1366 sacerdotum
1050 1323 1222 1380 praevio
1246 1323 1415 1378 partim,
1448 1322 1602 1376 partim
1630 1321 1862 1362 eomitante
1897 1320 2091 1374 collegio,
2126 1320 2289 1360 scilicet
2321 1322 2369 1359 ut

165 1397 394 1452 municipio
411 1411 601 1437 summus
621 1396 771 1450 aliquis
793 1394 972 1434 antistes
995 1393 1281 1439 ordinaretur,
1306 1391 1426 1430 cuius
1445 1391 1658 1430 ecclesiae
1681 1389 1905 1444 disciplina
1922 1389 2117 1439 nutabat,
2143 1393 2368 1443 postquam

167 1467 302 1506 iunior
320 1467 547 1521 episcopus
566 1465 726 1505 Paulus
746 1463 1011 1503 discesserat
1030 1461 1376 1514 decesseratque,
1411 1462 1679 1513 exceperunt
1710 1458 1956 1514 pontificale
1974 1458 2200 1498 concilium
2223 1457 2369 1498 variae

169 1536 410 1575 voluntates
445 1533 770 1588 oppidanorum,
806 1546 881 1571 nec
915 1545 997 1571 non
1032 1535 1074 1570 et
1106 1530 1180 1570 illa
1213 1542 1322 1583 quae
1356 1528 1513 1568 bonum
1546 1526 1763 1581 publicum
1797 1540 1970 1581 semper
1997 1530 2197 1567 evertunt
2230 1526 2371 1567 studia

168 1605 354 1658 privata:
390 1617 498 1657 quae
523 1601 694 1657 quidam
718 1601 1011 1641 triumviratus
1034 1597 1295 1639 accenderat
1328 1596 1654 1651 conpetitorum,
1688 1609 1868 1650 quorum
1901 1595 1968 1635 liic
2002 1596 2219 1650 antiquam
2246 1598 2369 1636 nata-

167 1673 267 1712 lium
302 1672 644 1726 praemgativam
668 1670 837 1723 reliqua
861 1668 1093 1708 destitutus
1124 1680 1289 1706 morum
1314 1664 1414 1705 dote
1440 1664 1652 1711 ructabat,
1684 1664 1752 1704 hic
1784 1678 1862 1718 per
1893 1664 2083 1718 fragores
2115 1665 2370 1719 parasiticos

170 1742 405 1782 culinarum
446 1740 647 1792 suffragio
686 1742 955 1793 comparatos
989 1736 1212 1791 Apicianis
1261 1734 1488 1789 plausibus
1527 1734 1829 1788 ingerebatur,
1876 1734 1967 1785 hie,
2008 1734 2132 1789 apice
2164 1734 2305 1774 votivo
2338 1733 2372 1773 si

170 1810 391 1864 potiretur.
423 1809 551 1849 tacita
587 1808 784 1863 pactione
816 1807 1072 1861 promiserat
1107 1804 1415 1845 ecelesiastica
1445 1802 1689 1858 plosoribus
1723 1803 1810 1843 suis
1844 1802 2030 1858 praedae
2058 1802 2236 1858 praedia
2267 1803 2371 1843 fore.
2410 1812 2425 1835 2

171 1878 279 1933 quod
313 1879 383 1918 nbi
418 1877 615 1917 viderunt
648 1880 821 1917 sanctus
855 1875 1032 1915 Patiens
1065 1878 1107 1914 et
1150 1877 1326 1914 sanctus
1359 1871 1662 1927 Euphronius,
1704 1871 1776 1926 qui
1816 1871 2001 1926 rigorem
2042 1872 2373 1926 firmitatemque

172 1948 413 1987 sententiae
446 1947 627 1987 sanioris
660 1949 831 2000 practer
863 1944 1008 1985 odium
1040 1943 1310 1997 gratiamque
1343 1941 1467 1996 primi
1500 1941 1733 1992 tenebant,
1767 1940 1946 1980 consilio
1980 1954 2073 1981 eum
2109 1941 2373 1996 coepiscopis

172 2017 287 2071 prius
335 2016 442 2056 clam
493 2015 805 2055 communicato
850 2027 978 2067 quam
1023 2012 1165 2066 palam
1213 2009 1379 2064 prodito
1430 2009 1697 2063 strepituque
1741 2009 1945 2063 despecto
1991 2008 2144 2049 turbae
2193 2009 2374 2050 furentis

175 2086 328 2126 iunctis
362 2089 538 2139 repente
571 2084 770 2125 manibus
805 2087 1022 2138 arreptum
1056 2081 1248 2134 nihilque
1281 2083 1371 2119 tum
1404 2078 1543 2118 minus
1577 2092 1704 2132 quam
1737 2092 1847 2132 quae
1881 2077 2123 2132 agebantur
2154 2082 2375 2133 optantem

180 2155 559 2209 suspicantemque
594 2157 790 2194 sanctum
816 2152 1070 2195 Iohannem,
1103 2150 1240 2190 virum
1264 2148 1490 2188 honestate
1513 2147 1781 2188 humanitate
1804 2147 2133 2188 mansuetudine
2163 2148 2374 2201 insignem
2412 2159 2425 2179 *—

173 2225 326 2265 {lector
357 2224 424 2263 hic
458 2223 653 2277 primum,
691 2222 750 2261 sic
786 2221 980 2261 minister
1013 2219 1180 2267 altaris,
1214 2217 1341 2271 idque
1374 2216 1427 2256 ab
1460 2216 1661 2261 infantia,
1693 2219 1789 2270 post
1820 2215 2015 2256 laborum
2047 2219 2374 2271 temporumque

172 2307 374 2348 prm-essu
415 2292 766 2333 archidiaconns,
814 2291 854 2330 in
904 2303 986 2344 quo
1037 2302 1113 2328 seu
1160 2285 1296 2340 gradu
1338 2299 1415 2325 seu
1461 2285 1701 2325 ministerio
1746 2285 1926 2325 multum
1966 2287 2160 2325 retentus
2200 2288 2377 2340 propter

174 2362 425 2402 industriam
459 2361 530 2401 diu
563 2361 771 2415 dignitate
805 2373 886 2399 non
920 2357 1058 2412 potuit
1090 2355 1254 2409 augeri,
1288 2367 1340 2394 ue
1373 2358 1593 2408 potestate
1622 2357 1771 2408 posset
1790 2353 1997 2406 absolvi):
2039 2357 2230 2394 attamen
2264 2353 2375 2393 hunc

172 2432 254 2471 iam
288 2430 464 2471 secundi
499 2430 660 2470 ordinis
694 2428 964 2469 sacerdotem
999 2426 1201 2466 dissonas
1235 2425 1346 2463 inter
1380 2423 1565 2478 partium
1597 2437 1737 2469 voces,
1771 2437 1881 2477 quae
1904 2422 2166 2464 differebant
2197 2422 2375 2463 laudare

174 2514 255 2540 non
281 2499 540 2539 ambientem
566 2498 641 2539 sed
668 2512 744 2538 ne‹¹
769 2497 985 2537 audebant
1008 2495 1182 2549 culpare
1208 2491 1487 2538 laudabilem,
1511 2492 1781 2546 stupentibus
1806 2492 1997 2532 factiosis
2021 2491 2378 2532 erubescentibus

177 2569 314 2608 malis.
349 2568 691 2608 acclamantibus
715 2567 836 2606 bonis
863 2564 1201 2605 reclamantibus
1234 2562 1363 2602 nullis
1397 2562 1608 2616 collegam
1642 2562 1722 2601 sibi
1746 2575 2066 2601 consecravere.
2129 2575 2241 2601 nune
2275 2575 2377 2615 ergo

176 2636 370 2678 Iurensia
407 2637 440 2677 si
473 2641 514 2676 te
547 2637 767 2676 remittunt
816 2636 897 2676 iam
931 2633 1214 2674 monasteria.
1258 2632 1298 2671 in
1340 2645 1449 2685 quae
1487 2631 1672 2672 libenter
1709 2631 1858 2671 solitus
1898 2629 2131 2670 escendere
2164 2630 2247 2670 iam
2281 2643 2379 2671 eae—

442 2817 459 2834 u
1483 2802 1511 2828 in
2184 2807 2213 2825 ie

312 2846 333 2876 :5
359 2847 472 2878 avaris
492 2844 550 2875 ,1Ῑι
693 2843 714 2875 4
740 2844 956 2876 tutellarIbus
978 2842 1003 2873 Ῑ,
1144 2839 1165 2871 Γ)
1190 2846 1360 2886 ‘peurator
1380 2840 1408 2872 U
1498 2844 1620 2871 ventus
1640 2838 1699 2869 M¹
1832 2836 1853 2867 (3
1871 2832 1964 2869 mali'
1984 2837 2012 2869 C
2149 2834 2168 2867 7
2193 2837 2310 2870 laxare
2324 2837 2377 2869 P¹

178 2924 336 2958 inicdiani
367 2929 394 2954 ('
554 2926 576 2952 Η
601 2925 676 2957 vale
702 2937 765 2957 om.
791 2924 828 2956 F
981 2924 1001 2954 ξ)
1027 2922 1275 2964 inscriplionem
1305 2933 1370 2953 ηηο
1395 2931 1491 2952 rersn
1517 2931 1587 2952 rac.
1613 2930 1676 2950 om.
1704 2918 1733 2949 L
1828 2918 1978 2950 donnulo
2004 2916 2046 2958 Γ,
2071 2918 2325 2949 DAMPNVLO
2350 2917 2383 2949 P

185 3005 325 3037 salutem
341 3017 402 3037 mn.
419 3006 456 3037 F
570 3004 613 3037 10
629 3006 749 3047 grandi
765 3005 801 3036 F
856 3004 1045 3047 impertiam
1060 3003 1099 3034 J!
1107 3002 1230 3034 TGFP
1346 3000 1385 3032 11
1400 3005 1474 3042 post.
1487 2979 1543 3032 fif*
1561 3011 1667 3031 unam
1681 2999 1738 3031 litt.
1753 3010 1853 3039 eras„
1870 3003 1937 3030 mm
1951 2999 1986 3029 in
2000 2997 2139 3030 add.P¹
2204 2998 2339 3040 paciens
2356 2997 2385 3029 (¹

177 3086 392 3117 cavilonnnni
410 3086 436 3117 Ι,
566 3084 604 3116 12
633 3085 779 3116 venisset
803 3089 939 3125 praeter
966 3094 1006 3113 ve
1033 3083 1064 3114 iu
1092 3094 1160 3114 ras.
1181 3082 1231 3114 12¹
1351 3079 1392 3112 13
1417 3079 1685 3122 suprascribtum
1702 3078 1744 3119 L,
1769 3058 2000 3121 suprad'ei‘nF
2074 3078 2329 3121 prmiutialium
2348 3076 2385 3108 F

182 3164 219 3195 14
239 3165 354 3204 aeccle
367 3167 394 3191 (¹
487 3164 528 3196 1ss
546 3165 768 3207 opidanorum
780 3163 817 3195 F
912 3161 951 3195 17
970 3164 1227 3205 competitorum
1242 3162 1281 3193 ,11
1290 3161 1382 3194 TFP
1474 3158 1518 3192 18
1535 3160 1708 3192 distitntus
1720 3159 1749 3191 L
1812 3160 2012 3202 parasiticos
2030 3158 2099 3198 (siti
2114 3159 2147 3190 ῐη
2162 3169 2231 3190 ras.
2247 3157 2325 3199 M1)
2341 3157 2381 3188 M

182 3243 222 3274 15³
248 3245 342 3286 apice
369 3245 401 3275 In
428 3256 495 3276 ras».
524 3244 574 3276 Γι
717 3242 762 3275 ’20
786 3244 889 3275 tacit-E
915 3244 952 3276 F
1032 3245 1191 3286 §miserat
1214 3243 1251 3275 F
1329 3240 1534 3274 aeeclastica
1557 3241 1585 3272 C
1719 3239 1760 3272 21
1788 3241 1925 3283 paciens
1950 3244 2127 3280 sanctusq;
2156 3238 2184 3269 (Ὗ
2272 3238 2381 3270 eufro-

181 3325 256 3355 nius
273 3323 408 3355 JJCFP
537 3321 580 3355 223
598 3323 651 3354 ela
669 3334 693 3354 3
714 3323 734 3354 l.
752 3323 833 3354 (ald.
851 3322 890 3353 M
903 3323 913 3341 ¹
993 3324 1140 3366 dispecto
1158 3323 1187 3355 L
1265 3323 1386 3355 turbae
1406 3321 1547 3354 furentis
1565 3321 1723 3363 despecto
1742 3320 1804 3367 M,-
1816 3321 1959 3352 furentis
1976 3320 2097 3352 turbae
2114 3318 2271 3360 despecto
2289 3316 2384 3348 C'FP

753 3374 767 3391 'l

752 3382 757 3391 ι
1798 3371 1807 3388 l

182 3401 223 3434 ’24
250 3403 374 3434 iunctis
401 3402 441 3442 L5
467 3403 561 3434 iactis
582 3402 712 3441 TCFJ’,
739 3402 832 3453 lectis
860 3402 922 3432 Jl¹
1020 3409 1192 3444 arreptum
1218 3414 1281 3433 om.
1309 3402 1345 3433 F
1440 3401 1612 3442 nichilque
1637 3399 1758 3439 MTP,
1782 3400 1884 3441 nlque
1910 3398 1957 3438 F,
1985 3398 2098 3439 nilque
2120 3399 2148 3429 0
2237 3407 2380 3438 quamq;

183 3490 228 3524 lq:
257 3493 343 3513 corr.
370 3483 402 3513 iu
430 3494 495 3524 que
522 3482 587 3521 1³²)
608 3481 643 3513 F
768 3482 941 3513 obtantem
972 3483 999 3509 (¹
1158 3481 1202 3514 ‘2ss
1228 3483 1377 3515 infancia
1406 3482 1434 3513 (J
1598 3478 1641 3511 27
1673 3491 1708 3512 se
1733 3479 1916 3512 ministerio
1944 3478 1972 3509 (2¹
2142 3475 2186 3508 28
2210 3476 2326 3519 aggeri
2353 3475 2386 3506 P

1551 3541 1589 3551 ,A

185 3564 286 3605 possit
314 3563 342 3594 L
482 3560 526 3593 259
552 3563 702 3604 parcium
732 3563 759 3593 (γ’
897 3561 935 3593 :31
968 3562 1030 3593 sibi
1056 3574 1118 3594 arm.
1146 3564 1174 3593 C
1264 3541 1509 3594 eonsecraveff
1525 3559 1566 3600 (rt
1595 3570 1682 3590 corr.
1709 3560 1741 3591 Iu
1768 3570 1803 3590 re
1830 3556 1909 3599 Μ’)
1936 3557 1975 3588 ill
2114 3554 2158 3588 3⁵2
2183 3556 2326 3588 iorensia
2354 3554 2382 3585 L

184 3643 363 3674 ascendere
392 3641 432 3671 ,11
439 3641 561 3673 Τ(,ΤΙ’

2405 1121 2436 1144 10
2488 1132 2495 1135 x

2408 1465 2439 1488 15)

2417 2500 2449 2523 30
