2583 4011
196 196 277 234 266
875 193 1041 227 FAi‘sTl
1073 192 1391 233 ALIon-UMQUE
1419 192 1696 226 EPISTULAE.

64 311 105 357 G
156 307 307 362 Squod
340 308 380 348 in
415 308 582 348 homine
616 308 751 361 gratia
786 319 864 349 est.
898 308 938 348 in
973 307 1051 348 dco
1086 312 1239 348 natura
1272 317 1349 348 cst.
1411 311 1453 348 et
1485 311 1735 362 propterea.
1769 307 1867 361 quia
1899 306 2004 346 nihil
2038 307 2076 347 ei
2108 306 2378 346 extrinsecus

195 376 396 417 accessit.
440 376 544 416 nihil
584 377 620 416 ci
660 375 828 417 detrahi
871 381 1026 431 potest.
1089 376 1390 417 detrimentum
1430 390 1510 416 non
1555 375 1729 430 recipit,
1773 376 1873 430 quia
1909 375 2047 415 nescit
2086 379 2380 429 augmentum.

196 445 284 499 ipse
331 453 374 485 ct
418 444 497 484 sibi
540 449 689 485 auctor
730 449 771 485 ct
808 444 914 485 filio:
961 445 1058 500 quia
1101 459 1182 486 una
1225 446 1342 499 origo
1384 449 1449 485 est
1487 448 1529 485 et
1570 445 1697 485 fontis
1737 448 1779 485 et
1821 444 2029 493 fluminis,
2073 448 2117 485 et
2158 443 2224 484 his
2267 457 2376 498 quae

155 513 356 567 Oabsque
406 513 526 553 initio
575 513 735 554 habent
777 515 1017 554 communio
1057 520 1145 557 est.
1191 514 1420 555 transfusio
1463 527 1546 554 non
1590 518 1669 555 est.
1741 518 1784 555 et
1822 514 1920 568 quia
1961 513 2012 554 de
2053 513 2140 553 filio
2180 513 2378 567 legimus:

197 581 398 636 splendor
430 588 495 622 est
528 582 733 623 claritatis
772 582 861 624 dei.
904 584 1012 623 sicut
1052 597 1281 637 numquam
1325 583 1430 623 deus
1470 583 1559 623 sine
1602 582 1853 638 splendore,
1895 583 1954 623 ita
1996 586 2117 638 pater
2148 596 2380 636 numquam

195 650 270 690 fuit
314 651 403 691 sine
441 651 514 691 filii
557 651 797 692 maiestate.
866 656 907 691 ct
945 651 1054 691 sieut
1094 651 1317 706 utriusque
1370 664 1590 705 aequaeva
1634 655 1732 691 sunt
1778 651 1952 691 nomina
1999 650 2097 704 (nisi
2140 651 2252 692 enim
2298 650 2381 691 iste

193 730 457 761 nasceretur.
492 730 615 774 pater
647 720 717 760 ille
750 734 832 760 non
866 719 1116 773 diceretur),
1149 720 1209 759 ita
1241 734 1313 759 eos
1346 719 1435 759 sine
1470 719 1742 773 sepa-ratione
1768 724 1939 760 coercet
1961 720 2087 760 unius
2110 718 2380 774 paternitatis

193 788 438 842 antiquitas.
503 803 557 829 ex
591 789 661 828 illo
697 794 776 831 cst.
811 788 884 828 scd
917 788 1130 842 posterior
1162 787 1234 827 illo
1268 801 1350 828 non
1383 791 1459 837 est,
1493 787 1603 827 sicut
1636 787 1768 828 facies
1802 787 1854 829 de
1889 788 2029 843 eapite
2063 788 2266 839 nascitur,
2299 801 2380 828 nec

193 862 337 898 tamen
371 858 509 912 capite
544 872 619 897 suo
654 858 791 897 iunior
825 856 1057 897 invonitur:
1091 870 1137 896 ac
1172 856 1232 896 sie
1257 856 1362 897 deus
1386 860 1535 896 noster
1557 869 1637 896 nec
1658 857 1896 911 permixtus
1919 857 1961 897 in
1984 856 2177 912 personis
2199 856 2382 912 propriis

130 928 176 966 10
193 940 268 966 nce
301 925 485 968 divisus.
518 940 598 966 una
634 926 768 966 virtus
809 940 887 966 nee
931 930 1146 981 potestate
1180 926 1318 966 divisa
1350 940 1429 967 nec
1462 930 1670 981 tempore.
1732 926 1841 967 sicut
1872 927 1914 967 in
1947 927 2189 967 substantia
2220 926 2379 982 triplex

194 1003 271 1036 est.
305 995 403 1050 quia
433 995 514 1035 sibi
547 995 727 1049 quisque
762 994 967 1038 subsistit.
1001 995 1060 1035 ita
1092 996 1133 1035 in
1167 995 1408 1036 substantia
1440 995 1620 1050 simplex
1655 999 1731 1046 est,
1765 995 1864 1050 quia
1886 1009 1995 1036 unus
2019 1009 2064 1035 se
2086 995 2226 1050 ipsum
2254 1009 2381 1050 prae-

132 1063 349 1104 llcedcrc
389 1064 585 1105 nesciens
627 1078 705 1105 nec
746 1063 1026 1118 posteriorem
1069 1063 1220 1117 recipit
1253 1077 1330 1103 nee
1364 1063 1564 1117 priorem.
1626 1062 1723 1103 inde
1757 1067 1799 1104 et
1830 1078 1906 1104 nos
1937 1064 1989 1104 de
2022 1064 2103 1104 hac
2136 1064 2382 1119 accepimus

192 1133 489 1187 simplicitate,
530 1133 565 1173 si
596 1133 638 1173 in
671 1133 791 1173 nobis
831 1132 933 1172 nihil
975 1133 1031 1173 sit
1071 1133 1314 1183 dissonum,
1353 1132 1458 1173 nihil
1490 1132 1679 1181 varium,
1719 1131 1824 1172 nihil
1861 1131 2102 1183 diversum,
2142 1133 2175 1173 si
2215 1146 2385 1188 semper

192 1202 303 1242 idem
338 1216 434 1243 esse
466 1201 760 1256 probabilibus
794 1201 945 1241 studiis
980 1205 1021 1241 et
1053 1201 1241 1242 fundatis
1274 1202 1315 1242 in
1341 1200 1511 1242 Christo
1545 1200 1743 1241 sensibus
1768 1201 1994 1252 enitamur,
2025 1205 2072 1241 ut
2093 1201 2384 1242 immutabiles

128 1272 233 1311 1'2in
277 1271 388 1311 bono
427 1271 548 1311 novis
586 1276 751 1311 tantum
796 1271 837 1311 in
877 1270 991 1311 diem
1032 1270 1294 1325 profectibus
1333 1271 1622 1311 immutemur.
1684 1270 1736 1310 de
1780 1284 1830 1310 eo
1870 1273 2013 1310 autem
2054 1269 2167 1325 quod
2209 1269 2381 1325 quidam

191 1340 508 1395 provocationis
543 1353 688 1381 amore
723 1340 951 1387 consuluit,
986 1339 1211 1380 salutifera
1244 1344 1286 1380 et
1317 1340 1512 1394 perfecta
1543 1338 1767 1380 meditatio
1800 1342 1864 1379 est
1896 1353 2018 1379 curas
2050 1339 2192 1391 animi,
2226 1339 2383 1394 partito

191 1424 266 1465 per
298 1410 442 1465 plures
475 1415 672 1450 terrenae
708 1409 914 1463 regimine
948 1409 1021 1454 rei.v
1054 1408 1280 1449 sublevare
1315 1412 1356 1449 et
1388 1412 1484 1463 post
1515 1408 1623 1448 haec
1654 1407 1815 1462 triplici
1839 1407 2151 1449 deliberatione
2184 1412 2384 1460 tractare,

130 1480 175 1519 13
193 1478 294 1533 quid
334 1478 488 1518 melius
532 1478 585 1518 sit
624 1478 763 1518 locare
804 1478 873 1518 vel
910 1477 1212 1518 administrare
1246 1477 1314 1517 vel
1354 1476 1594 1518 distrahere
1635 1477 1852 1531 propriam
1884 1477 2139 1532 portionem.
2200 1477 2385 1532 primum

191 1561 235 1588 re
268 1561 368 1588 vera
401 1547 558 1587 bonum
591 1552 719 1590 esset,
754 1552 799 1586 ut
825 1545 987 1587 Christi
1018 1547 1204 1586 famulus
1233 1545 1393 1586 Christi
1426 1546 1630 1601 pauperis
1664 1546 1754 1586 vias
1788 1560 1842 1586 ex
1874 1549 1963 1586 toto
1996 1559 2160 1600 pauper
2191 1546 2384 1587 studeret

191 1614 405 1656 incedere.
440 1615 475 1655 si
505 1615 739 1671 perfectam
773 1616 917 1670 magni
951 1616 1130 1656 alieuius
1164 1616 1414 1656 monasterii
1447 1615 1637 1656 scholam
1658 1616 1728 1657 vel
1751 1619 1867 1656 certe
1890 1615 2132 1656 insulanam
2156 1615 2382 1669 angelicae

191 1685 534 1740 congregationis
567 1686 763 1726 militiam
796 1686 945 1726 liceret
978 1690 1198 1741 expetere.
1261 1699 1359 1725 nam
1391 1685 1434 1725 in
1465 1684 1608 1726 medio
1641 1684 1805 1725 saeculi
1844 1684 2155 1725 institutionem
2195 1684 2384 1726 eremiti-

128 1759 174 1796 14
192 1769 283 1796 cam
315 1754 517 1809 proferri,
560 1758 720 1808 quanta
761 1755 1095 1808 magnanimitas
1136 1758 1257 1795 tanta
1290 1758 1356 1794 est
1387 1753 1631 1794 difficultas.
1695 1754 1783 1794 suis
1817 1767 1916 1794 vero
1948 1753 2052 1794 vicis
2084 1767 2186 1794 suae
2218 1753 2386 1809 pondus

195 1825 429 1879 imponere.
463 1822 697 1864 secundum
729 1837 804 1877 pro
836 1823 1004 1864 animae
1037 1823 1302 1864 relevatione
1336 1822 1656 1877 compendium:
1701 1822 1777 1863 sed
1812 1822 2135 1878 pervidendum,
2168 1822 2205 1863 si
2234 1823 2386 1878 aliquis

195 1893 378 1934 filiorum
432 1901 519 1933 tam
575 1891 709 1933 arduo
766 1891 983 1933 sufficiens
1040 1906 1138 1933 esse
1190 1891 1324 1947 possit
1379 1891 1608 1946 obsequio,
1665 1906 1718 1933 ne
1764 1891 1874 1933 forte
1925 1895 2131 1947 paternae
2185 1892 2386 1934 iussionis

195 1961 427 2002 auctoritas
459 1961 502 2002 in
541 1965 708 2016 patrem
739 1986 869 2002 ΗΜ.
932 1961 1141 2017 optimum
1174 1965 1238 2002 est
1274 1961 1317 2002 in
1357 1960 1544 2002 secundo
1581 1961 1718 2016 gradu
1759 1961 1837 2002 sub
1877 1962 2006 2002 noxio
2045 1961 2267 2002 beneficiis
2307 1961 2382 2002 ad-

196 2030 485 2071 ministratore
537 2029 794 2079 consistere,
846 2030 882 2071 si
923 2031 992 2072 vel
1033 2031 1229 2071 voluntas
1279 2034 1483 2086 suppetat
1523 2031 1592 2071 vel
1639 2030 1823 2071 facultas
1871 2031 2175 2072 necessitatem
2218 2044 2387 2072 annuae

134 2102 179 2140 15
195 2099 412 2156 pensionis
446 2099 658 2154 impleret.
720 2100 893 2140 tertium
925 2103 991 2141 est
1022 2114 1099 2155 per
1128 2099 1319 2141 fidelium
1352 2100 1609 2140 famulorum
1643 2100 1785 2141 electa
1817 2100 1979 2140 solacia
2019 2100 2246 2155 impositae
2287 2113 2386 2154 pro-

198 2169 430 2210 curationis
465 2168 615 2208 officiis
648 2168 725 2209 sub
759 2168 931 2223 propria
964 2183 1013 2209 ac
1047 2168 1212 2209 minore
1247 2167 1536 2209 sollicitudine
1567 2169 1852 2223 quantitatem
1877 2172 2123 2209 reservatae
2146 2168 2386 2223 gubernare

196 2237 464 2278 substantiae
521 2241 563 2277 et
609 2242 826 2292 tamquam
873 2252 951 2292 per
1002 2238 1114 2278 viam
1168 2237 1332 2292 regiam
1379 2240 1471 2278 tota
1523 2237 1821 2279 mediocritate
1865 2237 2066 2292 dirigere.
2134 2237 2246 2292 quod
2293 2251 2389 2278 cum

197 2306 377 2357 suadeo,
425 2305 571 2346 videor
614 2305 681 2346 vel
723 2310 915 2346 nostram
960 2306 1193 2347 utilitatem
1230 2306 1297 2347 vel
1339 2320 1577 2361 pauperum
1627 2307 1828 2362 cogitare.
1900 2307 1942 2346 in
1986 2320 2067 2361 quo
2109 2305 2256 2347 ordine
2298 2320 2384 2347 non

133 2379 180 2417 16
195 2390 347 2431 parum
380 2381 446 2417 est
476 2376 601 2426 lucri,
635 2376 689 2427 si,
731 2380 949 2417 reservato
980 2390 1080 2427 usu,
1120 2376 1362 2431 proprietas
1395 2375 1672 2417 distrahatur.
1734 2376 1880 2430 itaque
1912 2375 2100 2416 breviter
2129 2375 2384 2426 indicantes,

197 2444 298 2500 quid
328 2445 529 2500 primum,
571 2444 671 2499 quid
712 2444 948 2485 secundum
988 2445 1142 2500 quidve
1184 2445 1237 2485 sit
1273 2445 1467 2495 tertium,
1512 2445 1768 2486 electionem
1810 2443 1968 2485 iudicio
2002 2445 2071 2485 vel
2111 2443 2388 2499 possibilitati

196 2514 511 2555 reservavimus
545 2514 824 2556 consulentis.
885 2514 986 2568 quid
1018 2515 1154 2568 magis
1187 2517 1426 2568 competat,
1468 2513 1579 2569 quod
1621 2513 1859 2569 promptius
1901 2513 2038 2568 possit
2080 2513 2268 2567 impleri,
2313 2512 2386 2554 ille

136 2584 414 2624 17insinuare
447 2584 660 2638 dignetur,
692 2598 768 2639 pro
802 2583 920 2624 cuius
953 2583 1102 2623 timore
1136 2588 1178 2622 et
1212 2596 1356 2623 amore
1391 2583 1628 2623 consolatio
1661 2583 1757 2637 ipsa
1778 2586 1998 2623 tractatur.
2061 2581 2255 2622 dominus
2279 2580 2386 2622 deus

197 2657 345 2693 nester
384 2652 593 2693 beneficia
634 2652 676 2692 in
707 2652 826 2693 vobis
868 2666 945 2693 sua
985 2651 1099 2692 felici
1141 2666 1190 2691 ac
1236 2651 1395 2706 placita
1436 2651 1518 2692 sibi
1561 2651 1852 2705 longaevitate
1892 2651 2170 2706 multiplicet,
2211 2649 2382 2691 domine

198 2721 391 2776 piissime
425 2726 467 2762 et
499 2721 541 2762 in
577 2719 744 2762 Christo
777 2734 941 2761 summo
976 2721 1081 2762 mihi
1114 2721 1276 2761 honore
1311 2720 1586 2775 singulariter
1618 2720 1854 2761 excolende
1883 2720 1954 2761 fili.

1262 2916 1319 2956 II.

227 3005 458 3047 DOMINO
491 3005 958 3048 DEVINCTISfflMO
991 3007 1066 3048 ET
1110 3007 1267 3049 ToTA
1300 3007 1577 3048 PIETATIS
1611 3007 1875 3048 VIRTUTE
1910 3005 2358 3049 SINGULARITER

686 3074 1050 3117 EXCOLENDO
1085 3076 1307 3117 FRATRI
1339 3075 1586 3118 RURICIO
1620 3075 1904 3118 FAUSTUS.

163 3171 177 3207 l
337 3155 547 3214 Pam-rm
580 3172 804 3213 divinitate
837 3173 878 3213 in
913 3179 1077 3214 secreto
1109 3174 1306 3229 religioni
1339 3189 1525 3229 congruo
1559 3178 1602 3215 et
1633 3174 1985 3228 tranquillissimo
2017 3174 2060 3213 in
2092 3173 2259 3214 silentio
2285 3186 2382 3213 con-

201 3243 357 3282 stituti.
398 3242 441 3281 in
479 3255 561 3296 quo
602 3241 800 3281 deminus
832 3241 884 3282 ad
925 3242 1165 3296 rubiginem
1208 3243 1338 3298 longa
1379 3244 1612 3284 securitate
1653 3246 1917 3283 contractam
1950 3242 2194 3283 salutiferae
2234 3241 2379 3281 limam

337 3380 358 3412 2
383 3381 505 3422 recepit
526 3379 555 3412 G
671 3380 692 3411 3
716 3387 747 3411 et
767 3378 831 3422 his]
853 3381 982 3422 scriltsi,
1007 3392 1048 3413 ex
1066 3381 1118 3412 his
1139 3382 1167 3409 G
1285 3380 1304 3411 ⁴3
1330 3381 1398 3413 tilio
1418 3392 1506 3412 coo-r.
1524 3380 1584 3411 filii
1603 3381 1653 3411 G¹
1775 3384 1792 3412 7
1812 3378 1956 3421 coercet]
1977 3379 2175 3420 Mommsen,
2199 3380 2340 3413 eoncit&
2357 3379 2386 3412 G

199 3438 218 3468 S}
243 3439 344 3480 capiti
365 3438 393 3469 G
487 3435 545 3479 sicss
574 3437 772 3477 Mommsen,
797 3438 824 3469 si
846 3438 875 3469 G
1025 3437 1068 3469 10
1092 3438 1208 3469 diuina
1230 3440 1259 3469 G
1403 3436 1441 3469 1⁴2
1468 3438 1594 3479 recepit
1614 3439 1644 3469 G
1783 3435 1826 3468 14
1849 3437 2058 3469 inmutabilis
2079 3437 2107 3469 G
2247 3436 2288 3469 16
2313 3449 2386 3480 pro-

198 3496 391 3527 vocationes
410 3495 458 3527 G¹
580 3493 619 3526 17
639 3492 812 3536 regimine]
833 3496 861 3525 G
873 3496 897 3534 ²,
922 3496 1058 3537 regione
1077 3495 1128 3526 G¹
1202 3506 1237 3527 re
1259 3496 1287 3526 G
1359 3508 1365 3526 ε
1382 3495 1496 3537 replici
1514 3496 1542 3526 G
1556 3495 1565 3513 ²
1683 3494 1722 3526 21
1745 3495 1983 3527 hieremiticam
2002 3495 2064 3534 G¹,
2089 3496 2314 3527 heremiticam
2335 3495 2386 3527 G'2

197 3551 241 3584 ⁴32
266 3550 417 3594 proferri]
441 3552 480 3591 G,
505 3552 652 3594 profiteri
673 3552 828 3584 Canisius
975 3550 1018 3583 ‘24
1044 3553 1110 3584 iam
1135 3553 1241 3583 acduo
1264 3554 1292 3583 G
1398 3552 1562 3593 obsequii]
1585 3552 1613 3584 G
1714 3557 1870 3593 paternae
1896 3550 2067 3594 iussionis]
2094 3552 2224 3594 scripsi,
2247 3557 2387 3594 paterna

199 3610 270 3642 eius
298 3617 400 3641 tcorr.
426 3617 583 3651 paternae
608 3608 674 3649 ius)
701 3608 792 3640 sonis
814 3608 842 3639 G
965 3607 1009 3640 ⁶25
1035 3610 1068 3641 in
1094 3615 1187 3651 patre
1212 3610 1420 3642 desideretur
1444 3609 1527 3641 coni.
1547 3609 1734 3641 ,Mommsen
1850 3607 1894 3640 28
1918 3610 2071 3656 guberne
2093 3610 2122 3641 G
2237 3608 2281 3641 29
2305 3615 2386 3642 tam-

199 3664 311 3708 quam]
351 3666 552 3706 Mommsen,
585 3669 627 3698 ci]
657 3666 686 3697 G
863 3665 902 3697 31
941 3666 1024 3698 lucri
1057 3665 1096 3707 si]
1131 3667 1232 3698 lucris
1262 3666 1290 3698 G
1466 3666 1510 3699 35
1543 3664 1652 3708 uobis]
1684 3666 1889 3706 Mommsen,
1924 3667 2020 3698 nobis
2050 3668 2078 3697 G
2207 3665 2328 3698 domne
2355 3665 2385 3697 G

198 3721 240 3754 3?
267 3721 311 3765 Π]
339 3734 402 3754 om.
432 3724 460 3754 G
597 3721 641 3755 38
666 3723 893 3755 devie-tissime
923 3724 951 3755 G
1090 3721 1132 3755 41
1161 3723 1336 3756 salutifera
1360 3723 1459 3756 elima
1488 3724 1527 3765 G,
1552 3725 1666 3757 limam
1690 3724 1773 3757 coni.
1801 3723 1988 3757 Mommsen

2421 935 2452 960 10

2423 1279 2454 1303 15

2423 1623 2456 1648 20

2424 1969 2456 1994 25

2424 2314 2458 2339 30

2423 2658 2455 2681 35

2422 3181 2455 3205 40
