2583 4011
1141 195 1324 230 LEONIS.
2201 205 2333 238 XXVII

126 308 300 351 saeculo
341 310 494 349 octavo
540 320 625 348 non
667 308 953 362 antiquiorem
997 308 1189 349 codicem
1240 309 1394 355 fnisse,
1445 316 1491 351 ut
1535 312 1605 366 qui
1650 315 1958 370 transscriptus
1999 316 2170 371 quidem
2214 323 2334 359 esset

127 391 182 419 ex
213 376 324 418 libro
348 375 483 418 verba
506 376 599 417 sine
624 376 863 417 intervallis
887 378 1178 427 continuante,
1214 379 1306 434 ipse
1331 393 1433 420 vero
1459 380 1635 421 verbum
1661 396 1683 421 a
1711 382 1840 422 verbo
1865 399 2096 436 segregare
2122 386 2331 428 studeret.

125 445 178 487 de
219 445 340 487 cuius
380 445 478 486 libri
512 445 826 501 orthographia
868 459 1109 501 proponere
1139 447 1351 501 quaedam
1395 462 1476 489 nen
1519 449 1688 490 videtur
1732 451 1880 491 inutile
1912 468 2028 494 esse:
2072 469 2331 510 quamquam

126 515 208 556 hoc
243 514 336 555 loco
368 527 508 568 pauca
541 517 706 554 tantum
741 513 899 554 adferri
931 520 1111 569 possunt
1151 529 1260 569 quae
1295 517 1459 557 scilicet
1492 517 1687 558 codicum
1722 533 1937 560 consensu
1970 522 2162 562 nituntur
2194 538 2332 578 eoque

126 583 336 625 sollemni.
399 596 555 638 nempe
594 586 714 623 certa
756 581 809 623 de
843 582 1153 638 orthographia
1197 598 1368 639 quoque
1401 586 1624 642 archetypi
1666 602 1850 642 sequens
1892 588 2063 630 deinum
2098 590 2332 646 disputatio

126 652 315 694 docebit.
379 656 510 706 atque
544 651 657 706 quod
692 651 746 692 ad
769 656 1061 693 consonantes
1087 654 1286 708 pertinet,
1321 654 1504 709 simplici
1539 655 1684 697 littera
1708 656 1868 711 ubique
1893 658 2140 699 scribuntur
2161 660 2331 700 braz-Iria

126 721 200 776 (cf.
235 723 303 772 50,
326 722 398 767 ·13;
435 719 614 774 70,18),
655 719 805 760 cotidie
839 721 912 774 (cf.
948 723 1013 771 73,
1034 724 1078 769 4;
1112 724 1273 766 95,20;
1314 726 1476 773 101,18
1508 725 1712 776 qzcattidie
1743 726 1910 765 cottidie
1942 725 2001 775 ]’‚·
2034 728 2087 769 ef.
2121 729 2332 770 cotidiana

124 805 166 847 p.
198 792 276 832 139
310 804 347 832 v.
380 788 474 843 19),
517 791 750 841 oportunus
782 790 922 844 (locos
955 790 1201 831 adscribam
1241 797 1288 832 ut
1327 797 1430 847 puto
1463 806 1631 835 omnes:
1683 797 1784 836 4,5;
1820 797 1950 836 7,11;
1984 796 2050 841 28,
2071 798 2141 837 2οι
2177 799 2242 842 35,
2263 799 2335 843 23;

129 860 290 910 39,11;
337 859 500 909 68,19;
549 859 679 905 73,4;
727 859 795 903 81,
816 860 889 907 23;
938 860 1097 911 83,13;
1143 861 1211 912 84,
1232 861 1303 903 23;
1349 862 1479 912 93,4;
1526 865 1686 913 97,16;
1733 864 1799 913 98,
1820 865 1863 905 3;
1918 865 2006 904 102.
2027 865 2101 907 22;
2153 867 2335 911 105,21;

130 930 223 979 115,
246 930 317 976 17;
354 928 447 979 123,
467 929 511 970 5:
552 927 640 977 128,
668 928 738 970 11;
776 930 868 979 149,
893 930 934 976 7;
972 930 1065 979 155,
1085 931 1129 970 4;
1171 931 1260 977 164,
1288 931 1334 968 13
1368 943 1549 984 quorum
1573 930 1711 971 tribus
1734 930 1939 972 deficiunt
1963 932 1999 972 L
2016 933 2060 973 T.
2118 934 2334 975 scribendi

125 1011 264 1053 genus
302 995 489 1037 librariis
529 996 659 1036 etiam
693 996 980 1038 vetustiorum
1014 997 1296 1053 scriptorum,
1340 1012 1362 1039 e
1403 999 1685 1054 scriptoribus
1720 1014 1755 1040 0.
1779 1015 1818 1053 g.
1852 1000 2053 1042 Ennodio
2088 1003 2334 1058 usitatum):

125 1066 178 1108 cf.
210 1065 424 1119 Ayripim
456 1065 524 1113 83,
549 1066 618 1108 17;
651 1063 754 1105 litus
785 1068 828 1106 et
859 1065 945 1106 alia
977 1079 1015 1106 v.
1041 1066 1087 1109 i.:
1121 1065 1281 1122 duplici
1313 1066 1455 1108 littera
1487 1067 1662 1123 ubique,
1694 1071 1897 1120 quattuor
1921 1072 1987 1121 23,
2007 1072 2031 1110 2
2055 1070 2248 1125 (praeter
2271 1070 2335 1125 Γ)

125 1135 211 1186 all.,
243 1134 465 1176 Arrianus
495 1138 542 1175 ut
565 1134 707 1174 solent
731 1134 964 1189 scriptores
986 1134 1109 1175 latini
1142 1134 1215 1189 (de
1241 1135 1444 1177 Lucifero
1469 1135 1720 1178 Calai-itano
1744 1138 1795 1179 cf.
1821 1138 2047 1180 Ilartelius
2072 1138 2124 1179 ad
2149 1154 2188 1194 p.
2214 1142 2251 1181 5.
2270 1141 2335 1184 20,

123 1204 177 1246 de
218 1203 388 1245 Alcimo
426 1202 558 1244 Avito
599 1202 792 1258 Peiperi,
833 1203 885 1245 de
909 1203 1088 1245 Victore
1118 1203 1292 1245 Vitensi
1324 1204 1605 1260 Petsclienigi
1643 1205 1823 1261 indices)
1864 1210 2046 1254 112,14,
2089 1208 2141 1249 cf.
2171 1210 2261 1259 108,
2283 1211 2336 1250 28

125 1272 217 1328 (ubi
250 1272 457 1314 deficiunt
478 1270 650 1325 LTP).
685 1272 898 1313 incertum
922 1273 1107 1326 opperiri
1128 1272 1201 1327 (cf.
1230 1276 1293 1324 15,
1314 1276 1358 1321 2;
1392 1289 1522 1317 carm.
1547 1274 1674 1327 XIII,
1695 1276 1765 1329 22)
1790 1277 1888 1319 alia.
1941 1276 1994 1318 dc
2017 1276 2335 1319 adsimilatione

124 1342 236 1384 infra
267 1341 482 1386 dicemus,
517 1340 586 1381 hic
620 1341 1048 1383 commemorandum
1081 1342 1285 1394 quicquid
1316 1347 1568 1386 constanter
1600 1344 1731 1389 tradi,
1772 1359 1852 1386 non
1885 1346 2094 1398 quidquid
2125 1346 2185 1391 (Τ
2211 1348 2277 1397 22,
2297 1350 2335 1391 3,

127 1410 212 1452 ΤΡ
244 1411 336 1459 122,
356 1411 432 1462 20,
476 1408 654 1458 F44‚2
695 1408 818 1464 etc.);
859 1402 1030 1462 simum,
1070 1425 1154 1452 non
1195 1411 1329 1464 se'fflna
1364 1413 1525 1464 23,17,
1573 1414 1625 1455 cf.
1668 1428 1796 1456 carm.
1838 1414 2046 1463 XVMAJ:
2088 1415 2336 1467 XX11,212

125 1480 286 1534 (sycma
320 1478 390 1533 T).
467 1478 520 1520 de
543 1478 607 1530 ph
641 1483 684 1520 et
715 1478 752 1530 f,
794 1482 810 1519 l
840 1484 882 1520 ct
914 1494 952 1529 c,
993 1493 1050 1531 qu
1081 1484 1123 1520 et
1154 1494 1175 1520 e
1217 1485 1259 1521 et
1299 1481 1475 1537 reliquis
1516 1484 1844 1524 consonantium
1878 1484 2194 1526 adfectionibus
2233 1486 2334 1526 item

124 1549 238 1590 infra
279 1547 496 1603 agendum
544 1547 643 1594 erit;
690 1547 743 1588 de
781 1548 1048 1604 aspiratione
1089 1549 1196 1591 haec
1235 1550 1546 1606 anticipentur:
1600 1552 1797 1594 inchoare
1835 1553 1992 1608 ubique
2035 1555 2229 1608 (103,10
2273 1555 2335 1595 in-

123 1617 326 1660 cohande's
358 1617 432 1671 P),
456 1616 767 1669 prohoemiaris
798 1619 866 1669 54,
887 1620 954 1667 27,
977 1617 1158 1670 pulcher
1190 1622 1233 1660 et
1263 1619 1530 1671 sepulchrum
1560 1622 1665 1673 fere,
1699 1623 1740 1662 in
1767 1622 1995 1663 verborum
2020 1623 2140 1664 initio
2166 1623 2336 1664 nomina

124 1691 168 1730 et
201 1700 360 1743 graeca
390 1685 585 1727 Halanos
617 1688 684 1731 53,
705 1688 747 1734 7,
781 1686 1006 1738 Hmpioms
1038 1688 1198 1735 87,11,
1231 1687 1391 1730 heremo
1433 1692 1593 1734 116,16
1628 1695 1669 1731 et
1702 1691 1839 1731 multa
1870 1691 1911 1731 in
1946 1691 2225 1739 carminibus,
2259 1691 2334 1733 sed

125 1760 378 1798 constanter
399 1754 702 1809 endecasyllabi
724 1755 811 1810 (30.
829 1757 873 1797 2:
898 1757 965 1801 83,
985 1758 1059 1803 22;
1088 1758 1180 1809 129,
1203 1760 1271 1798 11:
1301 1761 1393 1805 141,
1412 1759 1449 1807 8,
1482 1759 1534 1800 cf.
1560 1773 1687 1800 carm.
1711 1759 1814 1806 XII,
1836 1761 1878 1800 21
1901 1777 1908 1801 ;
1934 1760 2060 1812 XIII,
2080 1760 2196 1814 508).
2220 1761 2335 1802 (sbdo-

123 1825 273 1874 madz's,
297 1823 636 1866 ebdomadalibus
658 1825 745 1878 (32,
766 1826 838 1873 29:
866 1827 957 1877 152,
977 1826 1036 1881 9),
1059 1827 1283 1867 exslmctris
1305 1827 1393 1880 (33,
1415 1829 1487 1868 2οι
1512 1829 1579 1877 83,
1603 1831 1670 1871 19;
1702 1832 1768 1869 141
1786 1862 1793 1878 ,
1808 1830 1866 1883 9),
1891 1829 2126 1881 ιψΐαέεῑιοῖιῖ
2149 1831 2234 1884 (88,
2254 1830 2336 1884 10),

123 1893 394 1949 01ηί3])1ιαο1·ἰῗὶ
426 1895 511 1946 (32,
540 1892 629 1949 15);
672 1893 782 1936 adde
815 1894 1100 1947 Sparthacum
1136 1896 1222 1950 (50,
1242 1895 1335 1952 29),
1365 1897 1596 1949 posthuma
1641 1897 1755 1951 (130,
1777 1900 1814 1949 3,
1848 1898 1923 1940 sed
1957 1913 1994 1939 r.
2019 1898 2088 1953 i.).
2131 1899 2336 1940 rethorica

124 1963 212 2020 (85,
232 1965 278 2011 6;
317 1965 411 2014 112,
430 1964 482 2004 27
513 1963 588 2005 36(1
621 1964 672 2006 cf.
704 1964 771 2012 85,
799 1965 864 2009 17;
902 1966 994 2017 139,
1015 1963 1073 2020 5),
1107 1965 1321 2019 cathalogo
1344 1965 1432 2020 (85,
1456 1968 1539 2021 17),
1572 1967 1885 2009 scolasticorum
1907 1967 2135 2009 troclcale'm.
2157 1972 2242 2021 (90,
2263 1971 2307 2009 21
2328 1985 2336 2011 2

124 2035 191 2084 91,
205 2034 230 2074 6
248 2032 355 2086 all.),
373 2031 617 2073 Madau-iis
639 2034 674 2086 (Ἰ
692 2034 755 2083 14,
779 2033 844 2087 10)
866 2037 947 2074 etc.
1010 2034 1250 2089 singularia
1268 2034 1440 2076 ravulas
1459 2037 1527 2088 56,
1544 2038 1609 2087 20,
1628 2037 1862 2088 stipadium
1881 2038 1947 2088 25,
1964 2039 1988 2077 2
2007 2037 2080 2092 (cf.
2103 2040 2164 2087 19,
2179 2039 2231 2077 22
2244 2037 2337 2091 M).

123 2101 177 2143 de
215 2101 439 2143 vocalibus
479 2100 772 2142 adnotandum
812 2101 1027 2153 faseeatus
1068 2102 1274 2158 (22,17),
1315 2104 1533 2156 appendex
1567 2105 1655 2159 (24,
1675 2105 1739 2160 5),
1777 2105 1918 2146 saltim
1952 2110 2201 2147 constanter
2233 2105 2337 2161 (quo

123 2169 238 2213 redit
270 2169 402 2212 etiam
433 2184 474 2225 p.
504 2171 640 2222 147,2
672 2168 773 2210 salli
804 2169 906 2221 LT,
947 2169 1094 2211 saltem
1125 2171 1292 2222 MFP,
1335 2171 1477 2214 saltim.
1514 2172 1591 2227 C),
1634 2173 1969 2226 Dre'pctnita›·2cne
2004 2174 2090 2228 (26,
2110 2174 2195 2229 24),
2229 2173 2335 2215 labe—

124 2239 315 2280 rinthum
348 2238 501 2293 (28,9;
543 2240 701 2288 62,16;
748 2241 826 2280 165
860 2254 898 2280 V.
925 2242 968 2280 91
1012 2239 1314 2282 deficientibus
1347 2241 1447 2291 LT;
1488 2243 1541 2284 cf.
1576 2257 1702 2284 carm.
1737 2243 1815 2295 XI,
1835 2245 1923 2298 66),
1958 2242 2177 2284 incolumis
2208 2244 2336 2297 (64,6

124 2313 300 2365 praeter
336 2306 394 2359 G;
427 2308 479 2350 cf.
513 2310 675 2360 65,17;
709 2309 885 2364 68,10),
918 2309 1159 2351 Laomedon
1191 2309 1341 2364 (83,5:
1375 2311 1453 2352 sed
1483 2311 1688 2354 Laumed.
1717 2311 1798 2366 F),
1831 2312 1954 2354 elutis
1977 2313 2063 2367 (24,
2085 2314 2127 2354 7;
2165 2314 2232 2363 42,
2250 2313 2336 2366 25),

123 2377 359 2430 defrudans
391 2376 480 2433 (24,
502 2379 549 2417 21
588 2381 764 2433 praeter
794 2377 855 2428 P‚·
886 2392 924 2419 v.
950 2378 994 2433 i.)
1030 2382 1112 2420 etc.

271 2445 617 2503 Oomprobatum
638 2447 773 2502 igitur
797 2452 864 2489 est
887 2448 1088 2490 extitisse
1107 2448 1391 2504 epistularum
1416 2449 1611 2492 codicem
1636 2450 1810 2492 saeculo
1830 2451 1921 2492 fere
1943 2454 2097 2492 octavo
2117 2450 2337 2506 scriptum,

125 2531 181 2558 ex
212 2531 294 2572 quo
327 2516 423 2558 libri
457 2517 717 2572 quicumque
751 2516 806 2558 ad
838 2521 1036 2573 tempora
1068 2521 1219 2559 nostra
1250 2532 1493 2574 pervenere
1527 2519 1740 2574 originem
1774 2519 1957 2562 ducunt:
1999 2534 2126 2575 quem
2160 2520 2337 2561 lacuno-

125 2600 220 2628 sum
257 2587 394 2628 fuisse
441 2591 485 2628 et
522 2586 769 2627 mutilatum
810 2586 924 2627 infra
965 2587 1217 2643 apparebit;
1267 2588 1393 2629 simul
1432 2589 1556 2643 quasi
1605 2589 1648 2629 in
1687 2593 1939 2630 transcursu
1981 2602 2131 2630 eorum
2174 2589 2340 2630 scilicet

125 2655 318 2697 locorum
356 2670 436 2712 ope
476 2656 549 2711 qui
589 2656 633 2696 in
665 2655 704 2696 L
735 2655 1006 2711 corruptelas
1041 2655 1334 2698 ostendebant
1374 2657 1442 2698 vel
1475 2657 1687 2699 vocabula
1727 2672 1811 2699 non
1849 2662 1967 2699 recte
2003 2661 2255 2712 segregata,
2297 2658 2337 2698 in

126 2726 305 2780 reliquis
339 2729 611 2767 correcturas
646 2725 813 2768 eisdem
846 2725 1103 2781 corruptelis
1137 2725 1370 2777 adhibitas,
1405 2727 1731 2782 comprobatum
1765 2731 1808 2768 et
1845 2727 2128 2781 integriorem
2163 2726 2338 2780 reliquis

124 2794 398 2836 Laudianum
429 2795 663 2837 lectionem
694 2795 909 2851 praebere
955 2801 999 2838 et
1030 2795 1086 2838 ad
1117 2810 1252 2837 unum
1283 2797 1570 2853 archetypum
1604 2811 1729 2838 suum
1761 2796 1825 2851 (β)
1859 2797 1964 2838 item
1998 2796 2170 2838 codices
2196 2796 2337 2838 redire

128 2868 305 2919 praeter
335 2863 611 2905 Laudianum
643 2878 807 2906 omnes.

271 2932 389 2987 Ergo
423 2932 476 2974 de
499 2933 727 2975 Laudiano
752 2933 971 2989 agendum
1004 2938 1087 2976 est.
1149 2933 1263 2989 quod
1295 2934 1331 2975 si
1356 2935 1461 2976 satis
1486 2939 1554 2976 est
1576 2934 2000 2990 praestantissimum
2023 2948 2120 2975 0336
2146 2933 2337 2975 codicem
2374 2926 2418 2972 L

126 3000 385 3053 ostendisse,
418 3002 522 3043 satis
553 3002 704 3046 locuti.
768 3002 846 3044 sed
879 3007 922 3044 et
954 3017 1094 3058 genus
1127 3004 1423 3058 praestantiae
1457 3002 1747 3045 enarrandum
1781 3007 1847 3044 cst
1880 3007 1923 3043 et
1955 3002 2110 3057 quibus
2144 3001 2282 3043 modis
2315 3016 2340 3043 a

127 3070 305 3125 reliquis
348 3069 521 3112 differat
563 3071 961 3115 demonstrandum.
1024 3077 1155 3128 atque
1199 3073 1424 3115 commode
1466 3073 1722 3128 incipiemus
1764 3087 1787 3113 a
1830 3072 1990 3114 codicis
2030 3071 2339 3127 orthographia

129 3137 362 3179 admodum
401 3141 685 3184 memorabili.
748 3156 859 3197 quae
902 3146 945 3184 et
984 3142 1130 3184 multis
1163 3142 1408 3183 nominibus
1456 3142 1629 3183 diversa
1669 3146 1735 3183 est
1773 3156 1798 3183 a
1828 3142 2090 3197 reliquorum
2123 3154 2338 3182 consensu

129 3211 186 3260 et,
219 3221 315 3248 oum
349 3209 431 3249 sibi
464 3213 636 3251 constet
666 3210 710 3251 in
743 3212 977 3268 plerisque,
1010 3213 1107 3269 ipsa
1137 3213 1429 3254 inconstantia
1461 3212 1676 3254 interdum
1701 3211 1915 3254 scribendi
1948 3226 2087 3267 genus
2120 3212 2162 3253 in
2185 3211 2337 3253 arche-

129 3278 233 3330 typo
264 3276 471 3318 usitatum
503 3279 697 3336 apertius
730 3280 949 3324 inlustrat.
1010 3295 1189 3337 agemus
1223 3286 1371 3323 autem
1403 3281 1456 3323 de
1479 3282 1703 3323 vocalibus
1727 3281 1926 3337 primum,
1960 3280 2118 3322 deinde
2152 3280 2205 3322 de
2238 3294 2336 3321 con-

132 3345 406 3397 sonantibus,
451 3359 643 3388 seorsum
686 3348 739 3390 de
777 3351 1072 3405 geminatione
1110 3350 1428 3392 adsimilatione
1471 3351 1746 3406 aspiratione.
1824 3350 1993 3391 initium
2033 3350 2166 3404 igitur
2206 3349 2339 3390 faciat

131 3423 272 3455 a-—uz
304 3414 374 3466 23,
395 3416 446 3454 15
479 3414 664 3457 lacunar
693 3417 745 3470 L,
778 3418 856 3460 sed
889 3421 943 3460 34
966 3434 1004 3463 V.
1027 3422 1066 3461 9.
1085 3423 1126 3461 et
1159 3421 1268 3472 38,2
1301 3418 1394 3474 (ubi
1422 3417 1459 3461 C
1484 3418 1776 3474 lucanaribus)
1810 3418 1990 3459 lacunar
2022 3431 2119 3459 cum
2143 3417 2318 3472 reliquis
2329 3432 2337 3464 ;

273 3586 300 3628 ¹)
326 3586 531 3630 praeterire
548 3587 634 3622 nolo
651 3587 863 3622 vocationem
880 3598 946 3632 pro
963 3587 1178 3621 vacationem
1201 3587 1240 3621 in
1260 3586 1290 3621 G
1297 3587 1356 3621 Pa
1375 3587 1442 3630 (Μ
1446 3587 1505 3632 αἵθ)
1524 3587 1599 3632 legi
1618 3600 1652 3632 p.
1668 3588 1773 3628 8‚2‘2;
1792 3585 1923 3620 vocabis
1944 3587 1974 3620 C
1987 3585 2073 3628 (Ma
2082 3584 2115 3629 52)
2133 3597 2166 3629 p.
2184 3584 2259 3625 133,
2276 3585 2337 3623 163

133 3640 197 3675 sed
220 3643 436 3677 vacationem
462 3644 529 3678 140
553 3656 586 3679 v.
602 3645 659 3680 40.
679 3645 723 3679 cf.
743 3645 986 3680 Schuchardt.
1013 3645 1029 3678 Ι
1048 3645 1124 3679 177.
1144 3664 1186 3668 -
1206 3646 1369 3679 ceterum
1386 3656 1589 3685 monemUS,
1615 3645 1654 3678 in
1680 3645 1749 3678 hac
1768 3643 1998 3688 praefatione
2017 3644 2059 3676 ut
2077 3642 2114 3675 in
2133 3640 2335 3675 carminum

133 3697 376 3734 adnotatione
404 3700 473 3734 Ma
503 3701 545 3735 M
553 3703 568 3727 b
592 3704 661 3736 etc.
690 3704 919 3738 correcturas
946 3703 1066 3747 prima
1091 3713 1203 3737 manu
1228 3703 1345 3737 factas
1370 3702 1546 3744 indicare,
1575 3703 1623 3736 M
1630 3706 1637 3724 ¹
1666 3703 1715 3736 M
1720 3706 1733 3724 ²
1760 3703 1828 3736 etc.
1854 3699 2015 3734 secunda
2041 3709 2154 3733 manu
2180 3698 2306 3731 factas.

2021 3779 2070 3812 d*
