2583 4011
73 1073 106 1096 lo

72 1419 103 1442 15

72 2459 105 2483 30

74 2810 105 2835 35

75 3158 109 3183 40

818 177 957 213 LIBER
988 177 1031 218 11,
1064 177 1200 212 xxxll
1227 177 1247 222 ξ
1273 178 1293 210 ¹3
1322 197 1361 201 —
1389 177 1542 213 XXXIV
1567 178 1586 222 ξ
1618 179 1666 212 ll.
2256 179 2337 218 337

1146 373 1355 414 xxxiv.
2420 379 2459 421 a

392 479 628 521 DOMINO
663 478 896 519 sANeTo
931 477 1005 518 ET
1038 476 1413 518 Al'oS'roLlCo
1448 476 1706 523 MllllQUlc
1744 476 1800 516 ΙΝ
1836 477 2095 518 ‹fllltls'ro

233 549 469 591 DOMINO
511 548 780 590 SPEelALl
828 547 1025 588 CULTU
1066 545 1466 594 Ah‘ls‘EeTUQUE
1513 545 1764 586 ele'rsslus
1806 546 2250 587 l’lmlch'lclilssxlni

464 617 744 659 PATRONO
776 616 1011 658 sEDATO
1042 614 1334 657 El'lsCoPo
1363 614 1650 656 RL'RleliJs
1682 614 2021 656 Erlseol’t's,

283 697 398 758 DUM
423 715 639 757 scribendi
659 715 796 767 vobis,
821 715 988 756 domnis
1011 714 1196 771 pectoris
1220 714 1316 765 mei,
1339 714 1506 754 animus
1531 727 1606 753 vos
1630 713 1780 754 sitiens
1805 713 2074 753 occasiimem
2100 714 2344 767 frequenter
2394 715 2402 752 1

145 786 339 841 inquirit,
373 784 603 840 aliquando
636 784 836 825 diuturna
871 785 1152 825 meditatione
1187 789 1458 839 pertractans
1493 783 1682 838 repperit
1716 782 1916 823 idoneum
1953 782 2229 837 portitorem,
2271 797 2344 836 per

145 869 272 910 quem
313 859 355 896 et
393 855 567 895 silentia
606 854 734 909 longa
775 854 1065 910 disrumperet
1104 858 1146 895 et
1187 853 1267 894 sibi
1310 852 1528 908 spiritales
1570 851 1748 893 delicias
1790 852 2051 907 postularet.
2091 850 2174 890 oris
2214 851 2343 890 vestri

143 924 322 980 cupiens
355 938 450 965 rore
485 924 691 979 respergi.
753 923 806 964 de
842 938 946 978 qua,
990 922 1137 966 eredo,
1185 922 1254 963 siti
1298 927 1471 963 sanctus
1513 922 1738 976 psalmista
1779 920 1972 962 dicebat:
2016 921 2189 961 anima
2230 934 2342 960 mea
2388 922 2410 959 2

142 994 287 1035 sicut
325 997 465 1035 terra
497 994 619 1035 sine
653 1007 781 1048 aqua
814 993 941 1037 tibi,
988 993 1061 1033 illa
1093 992 1292 1033 nimirum
1327 1005 1438 1047 aqua
1470 990 1712 1032 ariditatem
1747 991 1939 1046 eorporis
1974 990 2039 1031 sui
2074 989 2343 1043 restinguere

143 1063 287 1105 sobria
326 1062 540 1104 ebrietate
581 1062 853 1111 desiderans,
902 1063 954 1104 (10
1000 1076 1084 1117 qua
1123 1061 1320 1102 dominus
1361 1066 1506 1102 noster
1544 1061 1585 1101 in
1627 1061 1853 1115 evangelio
1896 1061 2082 1101 clamare
2127 1058 2344 1113 dignatur:

143 1133 184 1173 si
225 1132 334 1188 quis
375 1132 508 1183 sitit,
552 1132 730 1174 veniat
771 1137 824 1173 et
861 1131 1020 1173 bibat.
1091 1131 1311 1172 flumina
1350 1130 1485 1172 enim
1525 1144 1687 1185 aquae
1727 1130 1875 1171 vivae
1915 1129 1974 1170 de
2014 1133 2198 1169 ventre
2238 1127 2346 1168 eius

140 1202 332 1243 fluunt.
394 1201 504 1243 hanc
543 1216 698 1257 aquam
731 1201 1031 1242 Samaritanae
1077 1201 1208 1242 etiam
1249 1199 1362 1241 idem
1405 1199 1605 1240 dominus
1645 1199 1875 1247 offerebat,
1920 1199 1997 1240 hoe
2037 1204 2101 1240 est
2139 1196 2345 1238 eeclesiae
2390 1200 2413 1235 :3

142 1285 197 1312 ex
229 1270 432 1326 gentibus
466 1270 815 1326 congregandae,
853 1270 1020 1311 dicens:
1065 1284 1197 1325 aqua
1235 1283 1380 1325 quam
1419 1284 1510 1324 ego
1553 1268 1688 1309 dabo
1722 1269 1827 1310 fiet
1859 1269 1907 1309 in
1942 1282 2001 1309 00
2036 1268 2148 1308 fons
2181 1280 2345 1322 aquae

141 1340 402 1382 salientis
451 1340 502 1381 in
551 1340 706 1381 vitam
754 1344 1044 1381 aeternam.
1113 1339 1225 1380 hanc
1267 1352 1423 1394 aquam
1468 1338 1502 1378 si
1547 1338 1641 1393 quis
1688 1337 1826 1378 fidelis
1874 1351 1957 1378 non
2002 1342 2131 1391 gustu
2180 1340 2344 1376 tantum
2392 1338 2410 1375 -1

142 1423 308 1450 summo
353 1414 478 1451 tenus
520 1423 592 1451 ore
634 1410 855 1461 libaverit,
899 1408 974 1450 sed
1013 1409 1113 1450 totis
1157 1409 1326 1450 animae
1361 1407 1603 1449 visceribus
1646 1412 1858 1463 appetens
1902 1407 2083 1447 conviva
2114 1405 2344 1449 sorbuerit,

141 1478 334 1534 protinus
374 1479 416 1520 in
455 1478 630 1520 laudem
663 1479 822 1520 domini
856 1478 1164 1534 omnipotentis
1199 1481 1397 1533 erumpet
1430 1481 1473 1519 et
1505 1477 1585 1518 1100
1618 1477 1794 1532 incipiet
1827 1481 1996 1517 ructare
2029 1474 2142 1530 quod
2176 1474 2346 1524 biberit,

140 1547 250 1589 sieut
289 1548 568 1590 beatissimus
609 1549 878 1604 evangelista
923 1552 1051 1603 atque
1098 1547 1361 1603 discipulus,
1411 1547 1483 1602 qui
1529 1561 1660 1602 super
1698 1550 1850 1602 pectus
1891 1545 2050 1586 (101111111
2094 1543 2346 1586 recumbere

141 1617 310 1669 meruit,
343 1618 553 1674 mysteria
586 1618 708 1673 regni
741 1619 944 1660 caelestis
982 1618 1171 1659 haurivit
1204 1622 1246 1659 et
1279 1618 1322 1658 in
1355 1617 1472 1658 illam
1506 1631 1658 1658 vocem
1691 1630 1818 1672 quam
1852 1621 1951 1657 ante
1985 1615 2128 1656 nullus
2153 1614 2348 1655 audierat

142 1686 363 1728 clamavit:
414 1687 464 1728 in
506 1687 768 1744 principio
809 1692 933 1730 erat
971 1687 1188 1729 verbum
1231 1691 1283 1728 et
1320 1686 1547 1728 verbum
1589 1690 1707 1727 crat
1745 1685 1889 1741 apud
1927 1685 2077 1727 deum
2120 1689 2170 1726 et
2213 1683 2346 1725 deus

143 1760 254 1797 erat
287 1756 515 1799 verbum.
566 1757 647 1799 hoc
680 1761 773 1799 erat
805 1757 910 1798 illud
932 1757 1126 1809 verbum,
1160 1756 1274 1812 quod
1308 1757 1400 1798 81110
1434 1760 1631 1811 tempore
1655 1770 1679 1796 a
1703 1759 1826 1812 patre
1859 1755 2053 1810 genitum
2086 1754 2342 1808 intempore
2389 1755 2412 1791 ἴ»

141 1829 311 1867 creatur
343 1840 397 1867 ex
428 1831 580 1879 matre,
613 1832 660 1868 ut
693 1831 862 1869 creator
893 1827 1034 1875 fieret;
1066 1831 1114 1868 ut
1146 1840 1242 1868 esse
1275 1829 1424 1882 posset
1456 1825 1736 1867 humanitatis
1770 1824 1985 1880 quaedam
2017 1824 2157 1879 portio
2190 1822 2344 1863 divini-

141 1895 240 1936 tatis
274 1896 405 1937 totius
438 1896 663 1952 plenitudo
698 1901 741 1938 et
772 1897 1087 1952 plenitudinem
1120 1895 1400 1937 humanitatis
1434 1895 1575 1951 portio
1609 1895 1702 1951 ipsa
1733 1894 2014 1936 humanitatis
2043 1907 2122 1934 sua
2144 1892 2346 1948 passione

141 1964 393 2018 redimeret,
438 1966 538 2007 dum
571 1966 713 2022 imago
746 1966 971 2008 invisibilis
1004 1966 1075 2008 dci
1105 1966 1240 2007 forma
1271 1966 1318 2006 fit
1360 1965 1494 2013 servi;
1538 1968 1585 2006 ut
1622 1968 1774 2020 posset
1812 1962 2091 2019 impassibilis
2130 1962 2237 2018 pati,
2280 1961 2343 2001 in-

141 2035 546 2090 comprehensibilis
585 2036 699 2091 capi,
741 2036 994 2077 immortalis
1026 2036 1151 2087 mori,
1192 2035 1263 2090 qui
1294 2039 1477 2076 mortem
1510 2033 1807 2075 occumbendo
1840 2033 2091 2089 perimeret,
2136 2036 2182 2072 ut
2215 2031 2346 2072 vitam

140 2104 407 2160 resurgendo
448 2110 681 2161 repararet.
745 2105 821 2147 sed
862 2105 963 2161 quid
1004 2120 1083 2161 ego
1124 2105 1283 2147 oblitus
1325 2104 1430 2156 mei,
1474 2103 1630 2145 avidus
1672 2104 1752 2155 tui,
1797 2102 1919 2158 quasi
1958 2102 2010 2143 de
2049 2099 2347 2142 huiuscemodi
2391 2103 2415 2139 (3

138 2173 268 2215 rebus
301 2178 446 2216 tecum
479 2175 731 2230 colloquens
762 2180 804 2216 et
826 2174 926 2217 inde
950 2176 993 2216 in
1017 2174 1283 2217 desiderium
1305 2174 1367 2215 tui
1390 2173 1691 2215 vehementius
1714 2172 2044 2229 perardescens,
2075 2171 2346 2225 restinguere

142 2243 258 2284 sitim
291 2258 431 2285 meam
462 2244 581 2285 velut
613 2245 799 2300 quodam
832 2244 1076 2286 dilectionis
1111 2244 1247 2286 rivulo
1286 2243 1519 2294 festinans,
1560 2242 1860 2284 inscrutabilia
1901 2245 1945 2282 et
1983 2241 2208 2281 inaccessa
2246 2253 2345 2295 per-

140 2315 378 2368 temptanS,
413 2313 514 2369 quid
546 2314 711 2370 loquar,
733 2314 816 2370 qui
848 2314 1015 2370 loquar,
1057 2314 1125 2355 cui
1155 2314 1322 2369 loquar,
1361 2327 1448 2354 non
1481 2312 1735 2354 considero?
1799 2310 1875 2352 sed
1907 2310 2046 2362 dabit,
2086 2313 2133 2349 ut
2166 2307 2347 2352 confido,
2394 2309 2415 2348 7

140 2383 311 2424 veniam
341 2383 496 2439 pietas,
530 2398 656 2440 quam
679 2384 905 2426 committit
931 2384 1128 2436 affectus,
1162 2384 1262 2440 quia
1295 2383 1499 2425 caritas
1535 2381 1709 2423 01111110
1741 2381 2004 2422 sustinet.
2058 2379 2176 2420 salve
2200 2378 2346 2432 itaque
2392 2380 2415 2418 ὅ

143 2452 374 2507 plurimum
411 2453 506 2495 (1100
548 2454 768 2495 individuo
811 2453 917 2494 mihi
956 2454 1123 2509 pectori
1155 2458 1300 2495 vestro
1340 2457 1383 2494 et
1420 2466 1549 2508 rogo,
1593 2455 1640 2492 ut
1679 2465 1757 2507 pro
1800 2464 1869 2492 me
1913 2450 2181 2491 incessanter
2225 2462 2347 2488 orare

142 2521 399 2578 dignemini,
433 2524 645 2580 simulque
679 2525 810 2566 etiam
842 2527 1011 2580 partem
1045 2523 1237 2580 corperis
1272 2522 1376 2575 mei,
1418 2537 1497 2578 per
1529 2536 1657 2577 quam
1688 2520 1812 2562 vobis
1847 2520 1924 2560 has
1956 2518 2098 2569 trado,
2140 2516 2348 2573 peculiari

142 2591 434 2635 insinuatione
467 2593 736 2646 commendo,
768 2598 816 2635 ut
845 2594 890 2635 in
923 2594 1023 2646 illis,
1056 2607 1182 2649 quam
1216 2608 1284 2635 me
1308 2593 1498 2648 diligatis
1522 2593 1704 2648 integre,
1738 2590 2045 2646 comprobetis,
2097 2603 2203 2644 quos
2227 2587 2348 2628 vobis
2392 2589 2417 2627 9

144 2674 195 2702 eo
228 2662 413 2704 arbitror
442 2663 536 2705 fore
569 2664 768 2717 cariores,
803 2664 905 2720 quia
935 2678 1078 2705 meam
1101 2663 1225 2705 vobis
1259 2677 1406 2705 secum
1431 2662 1633 2704 deferunt
1654 2661 1911 2717 portionem.
1964 2658 2118 2715 quibus
2147 2655 2348 2713 quicquid

143 2730 310 2786 dignati
353 2731 519 2774 fueritis
561 2733 805 2775 dilectionis
847 2735 1121 2790 impendere,
1172 2734 1294 2775 nobis
1331 2748 1408 2775 vos
1445 2732 1641 2775 conferre
1682 2731 1950 2787 cognoscite,
1993 2730 2111 2785 quia,
2154 2728 2190 2769 si
2228 2728 2350 2769 iuxta

142 2806 339 2843 sanctum
384 2803 629 2858 apostolum
676 2804 818 2845 minus
864 2804 1106 2846 membrum
1153 2804 1305 2846 maiori
1346 2804 1390 2844 in
1429 2802 1574 2844 dolore
1619 2801 1893 2857 compatitur,
1943 2803 1987 2841 et
2024 2799 2163 2840 maius
2200 2796 2348 2853 procul

144 2870 275 2912 dubio
307 2872 350 2912 in
382 2872 559 2913 minoris
600 2873 890 2928 prosperitate
928 2875 1128 2916 laetatur.
1191 2878 1233 2916 et
1270 2874 1330 2915 ita
1366 2873 1540 2915 demum
1579 2873 1644 2923 fit,
1687 2877 1755 2924 ut,
1800 2870 1998 2912 omnibus
2035 2881 2347 2923 usquequaque
2371 2869 2416 2907 10

142 2941 344 2982 membris
376 2942 420 2982 in
451 2956 558 2998 pace
592 2947 633 2983 et
665 2943 809 2998 quiete
842 2944 1106 3000 compositis,
1139 2948 1270 2999 caput
1301 2942 1432 2984 totius
1466 2941 1656 2998 corporis
1686 2944 1828 2982 rector
1857 2942 2008 2994 utpote
2039 2942 2082 2979 et
2105 2936 2349 2978 dominator

144 3010 347 3052 exsultet.
396 3011 440 3052 in
463 3025 547 3067 quo
571 3012 712 3068 capite
736 3012 881 3053 omnia
909 3013 1104 3055 membra
1134 3013 1342 3055 iubentur
1373 3013 1585 3068 aspicere,
1617 3011 1791 3052 dicente
1823 3008 2054 3065 propheta:
2089 3006 2347 3062 sapientis

143 3080 286 3121 oculi
327 3081 377 3121 in
421 3081 590 3137 capite
634 3081 763 3123 eius.
832 3096 939 3137 quos
971 3083 1080 3124 alius
1111 3082 1327 3139 propheta
1359 3081 1584 3124 evidenter
1616 3079 1815 3136 exponit,
1857 3077 2025 3120 dicens:
2070 3075 2211 3118 oculi
2251 3074 2411 3116 meill

145 3163 344 3206 semper
380 3150 442 3191 ad
481 3150 756 3204 dominum,
800 3151 916 3207 quia
956 3151 1078 3208 ipse
1119 3153 1313 3194 evellet
1353 3151 1416 3194 (10
1454 3152 1645 3206 laqueo
1688 3149 1843 3205 pedes
1887 3162 2048 3196 meos;
2094 3150 2137 3188 et
2172 3145 2346 3186 iterum:

281 3299 303 3333 8
328 3299 386 3333 Ρ8.
404 3298 545 3341 CXLII,
563 3301 595 3334 6.
715 3301 757 3334 11
784 3300 911 3335 Ioann.
927 3300 1007 3341 VII⁷
1025 3301 1081 3335 37.
1107 3300 1162 3334 38.
1280 3299 1324 3334 13
1349 3299 1477 3334 Ioann.
1496 3298 1558 3339 IV,
1578 3299 1630 3333 14.
1751 3299 1793 3333 19
1819 3298 1945 3332 Ioann.
1965 3297 1992 3338 Ι,
2012 3297 2042 3330 1.
2153 3296 2197 3329 29
2224 3295 2250 3330 Ι.
2269 3295 2347 3330 Cor.

145 3356 244 3398 XIII,
270 3355 300 3391 7.
418 3357 463 3392 35
488 3357 514 3391 I.
533 3357 612 3393 Cor.
637 3358 718 3400 XII,
744 3358 799 3393 26.
916 3358 961 3392 38
987 3357 1082 3392 Eccl.
1108 3357 1154 3398 II,
1182 3356 1236 3391 14.
1354 3356 1399 3391 39
1425 3357 1482 3391 Ps.
1508 3356 1641 3399 XXIV,
1668 3357 1721 3392 15.

282 3450 304 3484 5
320 3451 461 3494 *omnis,
485 3463 556 3484 ras.
574 3452 595 3484 d
615 3452 645 3485 G
761 3451 782 3486 6
807 3450 961 3495 inquirit]
985 3452 1025 3493 G,
1049 3451 1191 3494 inquirit
1209 3451 1243 3483 id
1260 3451 1345 3483 coni.
1364 3450 1554 3483 Blommsen
1624 3448 1798 3493 idoneum]
1817 3462 1860 3483 011
1878 3462 1903 3481 3.
1923 3450 1944 3481 l.
1963 3450 1993 3481 G
2006 3449 2015 3467 ¹
2137 3446 2156 3480 7
2182 3447 2350 3490 postolare

90 3532 93 3537 .
145 3509 254 3541 coris?
279 3521 367 3541 corr.
385 3510 568 3552 postolaret
592 3510 659 3543 oris
681 3511 711 3543 G
827 3509 848 3542 8
873 3511 935 3543 site
953 3510 982 3543 G
1101 3508 1144 3541 12
1169 3506 1294 3551 fluunt]
1322 3508 1362 3549 G,
1387 3509 1495 3541 fluent
1516 3508 1611 3551 Vulgs.
1731 3507 1775 3540 13
1791 3518 1914 3550 aquam
1933 3507 1962 3538 G
2079 3503 2122 3537 14
2145 3505 2303 3537 salientes
2321 3504 2350 3535 G

147 3566 190 3600 16
215 3565 382 3610 erumpet]
401 3567 532 3610 scripsi,
557 3569 704 3611 erumpit
721 3568 750 3601 G
868 3567 908 3600 17
927 3566 1044 3611 atque]
1065 3567 1128 3608 G'2,
1152 3567 1194 3600 ad
1212 3578 1313 3609 quem
1331 3566 1360 3598 G
1372 3566 1381 3584 ¹
1502 3565 1545 3598 18
1569 3566 1698 3598 auriuit
1714 3565 1743 3598 G
1859 3563 1902 3596 21
1920 3564 2026 3607 possit
2043 3563 2072 3595 G
2186 3562 2231 3594 23
2257 3562 2299 3594 811;
2320 3561 2350 3593 G

145 3626 250 3668 possit
271 3625 301 3658 G
431 3624 476 3657 25
499 3626 664 3669 repararit
684 3627 714 3659 G
846 3625 889 3659 :27
915 3626 1053 3659 riuuluo
1074 3625 1104 3658 G
1189 3622 1436 3666 inscrutabilia]
1461 3635 1480 3656 0
1504 3624 1539 3656 ἱη
1564 3636 1635 3656 ras.
1657 3623 1707 3656 Gl
1841 3620 1885 3654 ‘29
1910 3621 2057 3653 cumittit
2078 3620 2107 3652 G
2233 3617 2278 3651 34
2302 3619 2349 3651 di-

145 3683 308 3715 lectiones
330 3683 359 3715 G
429 3681 524 3726 quia]
549 3684 560 3715 i
586 3695 611 3715 s.
630 3684 651 3716 Z.
671 3683 723 3715 Gl
795 3683 890 3715 iuxta
907 3683 959 3716 G¹
1077 3681 1122 3715 35
1147 3682 1253 3715 dolori
1271 3681 1300 3714 G
1422 3679 1467 3713 36
1493 3681 1610 3729 111111οῃ
1639 3679 1672 3722 (i.
1690 3692 1717 3713 e.
1743 3680 1926 3720 minorum)
1948 3678 1978 3710 G
2093 3675 2136 3709 37
2162 3676 2302 3709 donator
2320 3677 2350 3708 G

146 3738 191 3772 38
216 3740 385 3783 sapientes
415 3741 445 3773 G
583 3738 628 3774 40
653 3741 770 3774 euellit
797 3741 828 3773 G

284 3818 452 3853 Slnomus.
2029 3813 2073 3848 43
