2583 4011
263 253 287 282 l,
1040 242 1310 277 PRAEFATIO
1336 241 1388 276 IN
1415 241 1650 276 SIDONIVM

258 374 347 418 post
387 362 593 417 epistulas
633 359 810 413 (72.211)
849 359 977 399 edere
1020 358 1198 413 parabat
1235 361 1507 397 enarraturus
1543 355 1870 396 Aurelianensis
1911 356 2030 396 urbis
2077 354 2345 396 obsidionem
2385 355 2438 396 ab

256 431 388 471 Attila
423 434 671 483 temptatam
706 430 819 482 (147.
847 427 925 471 12),
958 427 1030 467 vix
1063 425 1294 480 adgressus
1327 428 1404 466 est.
1441 449 1493 454 ——-
1527 422 1728 464 Carmina
1769 438 1814 464 se
1852 423 2094 464 condidisse
2132 424 2176 464 in
2215 423 2440 465 iuventute

256 500 414 554 passim
454 497 667 552 siguificat
708 497 823 550 (2.4.
875 498 932 538 16.
964 498 1023 536 14.
1073 497 1248 544 119,15.
1292 496 1363 534 171
1396 507 1434 534 v.
1458 495 1525 534 41.
1567 491 1615 534 Ο.
1647 492 1843 546 ΙΧ,1());
1885 506 1972 533 non
2010 492 2153 533 omnia
2190 507 2276 534 uno
2318 493 2438 534 volu-

255 568 364 607 mine
404 566 612 622 prodiisse
655 565 751 606 inde
795 565 1028 619 colligitur,
1077 562 1189 618 quod
1227 562 1441 617 quoddam
1483 561 1621 602 amico
1666 561 1916 602 transmittit
1947 574 1972 602 a
2003 561 2253 616 bybliopola
2283 561 2440 603 ceteris

254 636 607 690 epigrammatum
641 648 810 675 suorum
834 632 1120 674 voluminibus
1155 631 1399 673 addendum
1423 629 1585 685 (30,4),
1637 630 1814 686 Sylloge
1837 643 1948 685 quae
1982 634 2180 684 superest
2203 630 2440 671 carminum

254 704 403 744 XXIV
446 718 540 744 eum
585 703 924 758 subscriptiones
972 716 1054 742 non
1100 701 1259 742 habeat
1303 700 1385 740 nisi
1427 713 1537 754 quae
1585 698 1639 740 ad
1685 699 1856 753 singula
1901 698 2165 754 pertineant,
2213 699 2287 740 vix
2327 699 2439 751 talis,

253 773 421 827 qualem
454 773 653 827 legimus.
693 771 746 813 ab
779 775 950 812 auctore
985 770 1143 811 emissa
1175 773 1261 810 est:
1299 768 1437 822 magis
1476 767 1732 809 crediderim
1765 771 1852 808 tres
1885 781 1910 808 a
1942 767 2095 822 quibus
2125 767 2274 822 incipit
2304 781 2438 823 pane-

253 841 422 895 gyricos
466 842 696 881 collocatos
741 839 945 894 temporis
992 837 1139 879 ordine
1176 837 1347 878 inverso
1385 850 1479 877 cum
1520 836 1827 891 propempticis
1868 834 2295 890 praefationibusque
2337 835 2440 887 suis,

253 910 344 950 sive
378 910 565 950 earmina
597 909 722 950 hodie
755 912 978 949 numerata
1012 906 1217 956 I—VIII,
1259 919 1453 946 8001811111
1484 905 1698 960 prodiisse
1731 909 1773 945 et
1805 904 2070 960 separandos
2102 917 2201 946 esse
2234 918 2259 944 a
2289 903 2439 945 libello

253 978 485 1018 carminum
520 979 742 1018 minorum.
804 977 886 1018 Hie
919 976 1029 1031 quod
1061 980 1251 1017 extremo
1284 975 1374 1016 loco
1407 974 1540 1016 habet
1570 975 1897 1030 propempticon
1925 974 2136 1016 directum
2157 973 2212 1015 ad
2234 973 2441 1028 Magnum

254 1046 472 1087 consulem
506 1061 542 1087 a.
573 1048 652 1087 460
697 1047 873 1099 eiusque
912 1045 1022 1085 filios
1061 1043 1165 1085 duos
1207 1043 1415 1098 Magnum
1455 1043 1646 1085 Felicem
1688 1047 1730 1084 et
1767 1043 1957 1084 Probum
1995 1043 2196 1084 maritum
2238 1041 2439 1083 Eulaliae
2498 1079 2508 1085 .

253 1115 409 1154 sororis
441 1115 648 1169 patruelis
683 1114 861 1156 Sidonii.
893 1113 1019 1168 plane
1053 1112 1286 1167 respondet
1318 1111 1578 1154 dedicationi
1610 1111 1664 1153 ad
1697 1111 1883 1153 eundem
1914 1111 2127 1163 Felicem,
2169 1124 2279 1166 quae
2311 1109 2440 1152 hodie

252 1193 498 1223 numeratur
537 1197 612 1238 pro
645 1184 833 1224 carmine
866 1182 951 1225 IX.
993 1195 1132 1236 neque
1174 1181 1209 1222 is
1252 1180 1334 1222 fuit
1372 1180 1575 1222 Sidonius
1617 1181 1742 1222 homo
1779 1181 2016 1236 praefando
2056 1185 2104 1222 ut
2143 1180 2216 1235 qui
2251 1179 2440 1221 maxime

251 1251 511 1292 delectatus.
550 1251 619 1305 qui
659 1252 693 1292 si
734 1251 921 1292 carmina
965 1251 1107 1292 onmia
1148 1251 1331 1292 collecta
1372 1250 1599 1303 edidisset,
1650 1251 1807 1292 iustam
1848 1250 2165 1292 dedicationem
2207 1248 2440 1290 omisisset.

253 1319 535 1360 Confirmatur
566 1324 709 1361 autem
741 1319 921 1360 duorum
954 1319 1218 1360 voluminum
1252 1319 1488 1375 separatio,
1522 1319 1633 1360 sicut
1663 1319 1754 1361 Leo
1786 1318 2006 1371 admonet,
2040 1318 2238 1360 codicum
2269 1331 2440 1372 quoque

253 1387 518 1428 condicione:
551 1402 646 1428 nam
683 1403 809 1444 supra
842 1403 882 1444 p.
906 1389 1029 1430 XLV
1061 1389 1245 1430 vidimus
1290 1389 1481 1430 carmina
1512 1389 1656 1444 priora
1686 1377 1798 1429 VIII
1837 1389 1927 1429 sola
1958 1392 2002 1430 et
2031 1388 2173 1429 minus
2206 1387 2442 1442 depravata

251 1457 428 1497 inveniri
469 1457 510 1497 in
551 1457 659 1498 libro
699 1457 934 1504 Marciano,
985 1458 1147 1499 afuisse
1185 1457 1351 1513 reliqua
1387 1458 1554 1499 minora
1593 1458 1647 1499 ab
1689 1458 1780 1499 eius
1819 1457 2068 1513 archetypo.
2107 1481 2164 1486 ——
2205 1455 2440 1497 Sidoniana

251 1525 438 1565 carmina
477 1531 634 1580 quanto
674 1527 829 1581 plausu
870 1527 923 1568 ab
962 1527 1215 1581 aequalibus
1255 1530 1440 1582 excepta
1478 1526 1582 1577 81111,
1627 1526 1778 1568 laudes
1819 1527 1945 1567 trium
1983 1526 2293 1581 imperatorum
2333 1525 2441 1566 satis

250 1592 487 1634 declarant:
526 1593 710 1649 denique
750 1608 868 1635 more
906 1595 996 1635 eius
1037 1595 1148 1645 aevi,
1189 1609 1316 1650 quem
1354 1599 1569 1635 testantur
1606 1595 1718 1636 tituli
1751 1595 2006 1649 superstites
2040 1592 2268 1635 Claudiani
2306 1592 2374 1648 (C.
2404 1592 2440 1633 Ι.

250 1661 296 1702 L.
322 1661 397 1702 VI.
438 1660 560 1716 1710)
594 1668 637 1703 et
668 1662 944 1704 Merobaudis
978 1663 1035 1717 (V.
1060 1664 1179 1717 ind.),
1213 1664 1252 1705 ei
1282 1663 1447 1705 Romae
1481 1664 1523 1704 in
1554 1663 1645 1705 foro
1674 1663 1860 1704 Traiano
1892 1663 2017 1705 ‘inter
2049 1667 2247 1704 auctores
2278 1661 2439 1703 utrius-

250 1745 330 1785 que
364 1731 677 1786 bybliothecae*
721 1736 861 1772 statua
901 1731 1098 1773 dedicata
1135 1737 1200 1773 est
1241 1732 1338 1787 (171
1371 1731 1515 1787 v.25).
1583 1731 1689 1773 Eius
1725 1732 1898 1773 honoris
1939 1732 2135 1773 meminit
2171 1732 2214 1772 in
2253 1731 2441 1773 carmine

248 1799 454 1854 (HILS)
489 1801 648 1856 scripto
682 1815 717 1842 a.
743 1803 838 1851 456,
870 1801 973 1843 item
1006 1801 1107 1843 alibi
1141 1802 1235 1857 (171
1266 1816 1304 1844 v.
1328 1802 1400 1855 30)
1423 1802 1637 1857 significat
1669 1816 1766 1844 eum
1799 1817 1845 1844 se
1868 1803 2082 1844 meruisse
2106 1801 2272 1843 duobus
2294 1801 2440 1842 lustris

250 1879 348 1909 ante
382 1870 696 1924 praefecturam
733 1870 942 1911 urbanam
982 1871 1022 1912 ei
1063 1870 1252 1912 delatam
1292 1885 1404 1912 anno
1437 1872 1539 1917 4673
1582 1875 1626 1912 et
1659 1872 1863 1913 convenit
1894 1872 1954 1912 ita
1986 1873 2309 1912 remuneratum
2341 1883 2439 1911 esse

249 1943 419 1992 poetam
451 1952 488 1979 a.
522 1940 601 1978 456
636 1940 824 1980 carmine
857 1939 1147 1981 celebrantem
1179 1954 1376 1981 socerum
1407 1941 1667 1994 Augustum.

391 2005 458 2046 Ad
481 2006 687 2060 epistulas
711 2021 819 2062 quae
846 2007 1077 2049 ederentur
1100 2008 1431 2050 conscribendas
1455 2013 1598 2050 aetate
1621 2009 1791 2050 demum
1814 2009 2047 2049 maturiore
2071 2007 2269 2059 accessit,
2300 2020 2440 2062 neque

248 2074 385 2114 minus
419 2088 495 2115 eae
525 2075 563 2115 ei
592 2088 698 2116 aevo
728 2076 978 2130 placuerunt
1009 2076 1093 2131 (51,
1116 2079 1178 2119 12.
1215 2079 1307 2129 130,
1332 2079 1390 2119 18.
1430 2080 1500 2118 171
1530 2092 1568 2118 v.
1593 2080 1669 2126 493
1702 2078 1754 2119 cf.
1779 2077 2017 2132 Gregorius
2040 2076 2140 2117 Tur.
2162 2076 2262 2118 hist.
2284 2075 2440 2119 Franc.

248 2146 285 2182 ⁴5.
310 2145 355 2182 7:
400 2142 621 2184 lav-reolus
659 2143 863 2186 Uticensis
903 2178 912 2186 .
933 2178 940 2186 .
960 2177 997 2185 ..
1036 2144 1160 2186 libros
1199 2145 1362 2197 aliquos
1397 2145 1669 2197 epistolarum
1704 2146 1829 2198 quasi
1867 2146 2089 2187 Sidonium
2127 2148 2294 2186 secutus
2330 2158 2436 2187 com-

242 2211 415 2264 posuit).
479 2211 672 2267 Scriptae
717 2218 862 2254 autem
902 2217 1000 2254 sunt
1041 2218 1115 2255 aut
1156 2226 1205 2255 00
1243 2214 1336 2269 ipso
1378 2214 1556 2256 consilio
1594 2218 1641 2255 ut
1673 2214 1903 2256 ederentur
1934 2216 2106 2269 (53,21.
2144 2216 2236 2267 129,
2259 2213 2332 2267 28)
2364 2218 2438 2256 aut

248 2286 362 2322 certe
396 2280 549 2322 edendi
581 2295 713 2322 eausa
744 2286 1004 2323 retractatae
1029 2281 1085 2337 (1,
1106 2282 1148 2336 4)
1173 2283 1415 2338 suppressis
1448 2297 1558 2337 quae
1587 2283 1760 2339 publice
1783 2285 1871 2339 legi
1894 2289 2044 2326 auctor
2064 2284 2218 2332 nollet;
2249 2283 2438 2325 maxime

249 2351 419 2390 nomina
450 2355 621 2405 praeter
654 2363 705 2390 ea
736 2363 845 2404 quae
877 2351 1174 2406 inscriptiones
1206 2351 1368 2393 habent
1399 2353 1604 2408 pleraque
1638 2353 1808 2395 sublata
1840 2368 1938 2395 esse
1963 2358 2142 2409 apparet
2170 2353 2242 2408 (cf,
2268 2356 2331 2404 15,
2349 2351 2435 2408 25).

248 2417 315 2458 Ex
337 2418 570 2459 amicorum
594 2418 646 2458 ad
672 2432 717 2459 se
742 2418 910 2473 scriptis
933 2419 1127 2473 epistulis
1149 2433 1278 2460 unam
1302 2420 1464 2475 recepit
1486 2419 1583 2476 (IV,
1603 2420 1647 2476 2)
1669 2421 1872 2463 Mamerti
1888 2421 2116 2463 Claudiani
2137 2422 2241 2463 item
2265 2421 2436 2477 scriptis

249 2486 351 2526 clari
382 2487 660 2541 praemissam
692 2487 992 2541 responsoriae
1025 2501 1140 2529 suae.
1209 2488 1447 2544 Inscriptae
1481 2495 1580 2530 sunt
1612 2495 1786 2546 praeter
1816 2505 1947 2532 unam
1979 2491 2032 2532 ad
2063 2505 2242 2532 uxorem
2272 2491 2344 2544 (V,
2366 2491 2435 2545 16)

248 2554 383 2594 11111100
425 2554 624 2595 amicisve
669 2554 853 2608 (duobus
895 2555 1021 2596 datae
1064 2560 1162 2596 sunt
1205 2556 1282 2608 IV,
1314 2559 1439 2599 4,12.
1472 2558 1617 2613 V,21)
1660 2560 1798 2601 forma
1836 2560 2070 2615 aequabili,
2119 2561 2284 2601 scilicet
2330 2560 2435 2600 inci-

250 2623 417 2676 pientes
451 2623 530 2663 sic:
564 2621 764 2663 Sidonius
793 2623 853 2663 illi
884 2637 959 2664 suo
989 2622 1177 2674 salutem,
1209 2629 1256 2665 ut
1287 2626 1569 2667 nominatam
1593 2628 1813 2683 scriptoris
1838 2643 1964 2684 quam
1987 2629 2114 2670 amici
2144 2629 2315 2683 singula
2346 2628 2438 2669 sola

252 2698 482 2744 ponantur:
518 2691 659 2732 officia
689 2706 772 2732 000
802 2693 1091 2743 enuntiantur,
1126 2694 1207 2734 nisi
1240 2694 1353 2749 quod
1376 2695 1430 2735 ad
1453 2697 1683 2752 episcopos
1706 2697 1833 2739 datae
1868 2698 1963 2753 (IV,
1980 2700 2018 2738 2.
2051 2698 2129 2738 VI.
2161 2698 2435 2748 VIL1-11,

253 2758 378 2799 VIII.
404 2762 577 2800 1:3—15.
616 2760 871 2813 1X‚2—11)
913 2762 1074 2802 1101111111
1106 2776 1268 2814 papam
1305 2763 1517 2817 adiciunt,
1558 2765 1669 2820 quod
1707 2766 1810 2808 item
1849 2767 1896 2807 fit
1933 2767 1976 2807 in
2016 2767 2201 2822 epistula
2235 2766 2438 2808 Mamerti

251 2827 303 2868 ad
326 2827 545 2868 Sidonium
579 2829 757 2884 scripta3
791 2830 988 2871 similiter
1014 2831 1140 2872 abbas
1162 2832 1332 2873 additur
1356 2832 1455 2885 VH,
1480 2836 1542 2885 16,
1573 2834 1709 2885 stater
1738 2834 1841 2887 VH,
1861 2838 1923 2877 17.
1987 2835 2143 2876 Editae
2166 2839 2312 2877 autem
2335 2839 2436 2876 sunt

251 2909 402 2935 novem
444 2910 589 2937 earum
632 2897 726 2937 libri
769 2912 851 2938 11011
897 2898 1050 2940 eodem
1089 2904 1300 2955 tempore:
1345 2902 1509 2943 scilicet
1549 2916 1644 2943 eum
1688 2903 1850 2959 scripta
1893 2907 1958 2945 est
2006 2908 2203 2945 extrema
2249 2904 2434 2960 epistula

250 2962 345 3003 libri
372 2963 451 3003 III.
485 2964 567 3004 iam
600 2966 849 3020 prostabant
874 2966 1174 3024 Gratianopoli
1206 2970 1375 3011 venalia
1408 2971 1567 3026 scripta
1594 2973 1789 3027 prosaria
1814 2972 1980 3014 Sidonii
2004 2973 2091 3028 (51,
2116 2975 2198 3027 12),
2231 2973 2435 3015 videlicet

251 3031 527 3085 epistularum
569 3033 663 3074 libri
707 3036 881 3089 priores.
955 3036 1163 3078 Similiter
1205 3039 1343 3093 quarti
1382 3039 1481 3080 libri
1519 3040 1708 3094 epistula
1745 3040 1787 3081 X
1827 3041 1912 3094 (61,
1937 3042 2008 3096 32)
2049 3042 2208 3097 scripta
2240 3045 2307 3083 est
2335 3045 2435 3093 post

251 3100 513 3140 (aff-minuma
547 3100 723 3142 libellmn
757 3103 1034 3159 eiusdemque
1075 3105 1169 3146 libri
1210 3107 1397 3161 epistula
1428 3107 1562 3148 XXII
1593 3106 1654 3164 (p.
1678 3111 1743 3160 72,
1769 3111 1840 3164 20)
1881 3110 2042 3151 mentio
2075 3110 2122 3150 fit
2153 3111 2433 3165 epistularum

250 3167 452 3207 librorum
485 3169 568 3209 iam
600 3171 937 3214 terminatorum.
999 3173 1141 3214 Etiam
1173 3176 1309 3230 quinti
1342 3180 1384 3217 et
1417 3177 1555 3217 octavi
1583 3177 1681 3218 libri
1714 3178 1926 3232 epistulae
1957 3179 2120 3234 primae
2151 3177 2432 3233 praefationis

249 3235 383 3275 locum
408 3236 600 3278 obtinent
622 3239 806 3294 itemque
830 3246 1050 3282 extremae
1073 3247 1115 3283 et
1137 3243 1306 3297 septimi
1326 3248 1369 3284 et
1391 3245 1530 3285 octavi
1554 3249 1596 3286 et
1617 3246 1716 3286 noni
1741 3247 2019 3301 epilogorum,
2038 3252 2085 3288 ut
2106 3251 2243 3288 totum
2267 3261 2432 3302 eorpuS,

250 3312 295 3343 ut
327 3305 382 3344 ait
410 3306 500 3359 ipse
526 3307 638 3347 (149.
665 3311 730 3361 10)
754 3308 913 3350 habeat
935 3310 1110 3362 simplex
1121 3312 1398 3363 principium,
1431 3313 1614 3365 triplices
1634 3314 1820 3367 eplloyos.
1874 3315 1919 3356 Si
1942 3330 2026 3370 qua
2049 3316 2234 3370 epistula
2254 3315 2432 3356 alterius

250 3381 348 3412 ante
391 3375 574 3428 scriptae
613 3377 824 3428 meminit,
865 3377 971 3419 haec
1008 3379 1224 3420 invenitur
1260 3381 1402 3435 posita
1443 3386 1542 3423 ante
1583 3382 1699 3423 illam
1745 3383 1792 3437 (l.
1822 3383 1842 3424 I
1875 3398 1940 3438 ep.
1966 3387 1989 3424 6
2019 3422 2041 3429 ν
2070 3385 2097 3426 l.
2129 3384 2199 3425 III
2230 3398 2296 3440 ep.
2321 3385 2346 3424 6
2378 3409 2432 3413 ——

250 3440 276 3479 l.
300 3438 366 3479 III
400 3455 465 3495 ep.
489 3444 510 3480 4
539 3482 557 3487 ,
581 3443 607 3482 l.
633 3443 695 3483 IV
728 3458 794 3499 ep.
817 3448 841 3485 5
876 3470 927 3474 —
959 3446 986 3486 l.
1009 3445 1072 3487 IV
1103 3462 1171 3502 ep.
1197 3451 1221 3488 4
1246 3487 1267 3494 ν
1291 3464 1356 3504 ep.
1389 3451 1413 3490 6
1448 3476 1501 3479 —
1531 3451 1558 3492 l.
1580 3450 1645 3491 IV
1677 3466 1744 3506 ep.
1768 3455 1793 3492 4
1817 3484 1841 3497 ,ν
1866 3466 1932 3507 ep.
1961 3454 2011 3492 12
2043 3477 2096 3482 —
2128 3453 2430 3502 Ἦ,1.4.9.,

250 3506 436 3557 1X‚11·.
502 3509 569 3550 Ex
612 3511 730 3552 libris
772 3513 901 3567 igitur
940 3514 1133 3568 plerique
1176 3521 1290 3557 certe
1334 3518 1586 3572 singillatim
1624 3520 1890 3574 prodierunt.
1959 3520 2073 3562 Sane
2114 3526 2264 3564 auctor
2300 3523 2431 3564 etiam

248 3583 345 3629 post
375 3584 543 3631 tempus
574 3581 799 3634 epistulam
831 3586 1023 3622 veterem
1056 3596 1206 3625 recens
1239 3587 1494 3641 conscriptis
1526 3587 1717 3629 inserere
1748 3589 1889 3643 potuit
1920 3603 2001 3630 nec
2032 3591 2181 3645 negari
2212 3595 2357 3646 potest
2388 3592 2431 3632 in

251 3651 373 3714 sexto
407 3644 514 3685 libro
548 3660 643 3687 eum
677 3648 719 3688 id
750 3653 943 3690 secutum
976 3664 1086 3702 0880,
1119 3655 1165 3692 111
1192 3667 1276 3693 000
1299 3653 1548 3696 admitteret
1569 3655 1651 3696 nisi
1674 3656 1882 3710 epistulas
1905 3657 1960 3698 ad
1982 3659 2206 3713 episcopos
2231 3658 2430 3700 directas.

250 3709 532 3753 >ihilominus
575 3729 668 3755 cum
711 3717 982 3771 aliquatenus
1022 3719 1231 3773 epistulae
1273 3723 1476 3777 temporis
1516 3723 1711 3766 ordinem
1754 3731 2008 3780 sequantur,
2048 3728 2153 3768 utile
2187 3728 2323 3768 visum
2363 3731 2431 3768 est
