2583 4011
157 166 237 204 242
1019 156 1196 191 SIDONII
1225 156 1487 191 CARMINUM

639 278 681 314 te
715 273 857 314 medio
891 271 1076 313 tumidos
1109 272 1318 313 maiorum
1351 276 1545 312 temnere
1579 284 1743 311 mores:

643 356 720 383 seu
752 346 796 382 tu
831 341 1040 382 sollicitus
1074 354 1212 387 curas,
1246 354 1330 395 qua
1362 339 1594 395 languidus
1627 352 1726 379 esca

642 424 780 465 quave
814 410 1070 465 peregrinus
1104 409 1233 459 vivat,
1269 408 1370 463 quid
1401 412 1553 464 pascat
1585 412 1629 449 et
1660 407 1794 447 illum.

551 490 598 513 12¹⁰
641 480 808 521 lubrica
840 491 965 519 crura
997 478 1065 518 cui
1096 482 1246 518 tenuat
1278 477 1357 518 sub
1392 476 1600 532 compede
1635 489 1802 521 carcer:

643 563 720 590 scu
751 561 875 602 mage
907 546 1132 588 funeribus
1166 550 1354 587 mentem
1389 545 1622 586 distractus
1654 543 1896 585 humandis.

640 616 772 657 livida
804 615 997 656 defuncti
1029 615 1063 655 si
1096 615 1300 670 pauperis
1334 628 1434 655 ossa
1465 614 1696 658 virescant,

642 685 926 726 infastiditum
959 683 1046 724 fers
1079 683 1172 738 ipsc
1206 682 1257 723 ad
1290 683 1420 723 busta
1452 682 1658 729 cadaver:

644 769 719 795 seu
751 758 793 794 te
828 751 1073 807 conspicuis
1108 751 1311 805 gradibus
1342 750 1606 792 venerabilis
1638 764 1739 792 arae

552 832 597 855 1:¹⁷1
644 821 990 862 contionaturum
1024 819 1150 875 plebs
1184 819 1335 860 sedula
1366 819 1657 860 circumsistit.

644 890 869 944 expositae
902 889 1015 943 legis
1048 888 1169 929 bibat
1200 888 1377 929 auribus
1410 892 1457 928 ut
1489 886 1766 929 medicinam:

643 958 843 1013 quicquid
867 959 972 1012 agis,
998 971 1268 1012 quocumque
1292 957 1375 998 loci
1400 971 1461 1005 es,
1495 971 1669 1012 semper
1690 956 1794 997 mihi
1813 956 2012 997 Faustus

644 1042 815 1083 semper
846 1027 1114 1076 Honoratus,
1148 1040 1320 1082 semper
1351 1040 1521 1081 quoque
1554 1025 1773 1066 Maximus
1807 1030 1915 1067 esto.

1180 1185 1326 1227 XVII.

958 1277 1040 1319 AD
1069 1278 1120 1320 V.
1147 1278 1194 1319 C.
1228 1277 1569 1320 OMMATIUM.

645 1345 893 1416 QUATTUOR
926 1369 1026 1406 ante
1060 1364 1150 1406 dies
1184 1377 1310 1419 quam
1345 1364 1420 1404 lux
1455 1364 1636 1405 Sextilis
1670 1363 1811 1404 adusti

707 1435 845 1490 prima
878 1433 1127 1489 spiciferum
1159 1432 1352 1488 proferat
1385 1433 1489 1474 orbe
1522 1437 1663 1487 caput.

646 1503 801 1544 natalis
834 1502 995 1543 nostris
1029 1502 1223 1543 decimus
1257 1506 1496 1556 sextusque
1530 1502 1709 1542 coletur.

709 1572 897 1614 adventu
928 1571 1035 1612 felix
1067 1570 1139 1626 qui
1171 1571 1279 1626 petit
1313 1584 1410 1612 esse
1443 1574 1530 1611 tuo.

587 1654 600 1673 Γ»
646 1657 729 1684 11011
763 1643 841 1683 tibi
873 1643 1104 1697 gemmatis
1139 1646 1354 1696 ponentur
1385 1641 1567 1697 prandia
1598 1641 1771 1682 mensis.

709 1712 915 1767 Assyrius
948 1725 1102 1752 murex
1134 1725 1215 1752 nec
1249 1711 1326 1752 tibi
1360 1710 1499 1765 sigma
1531 1709 1667 1750 dabit:

647 1796 726 1823 nec
758 1795 835 1836 per
867 1781 1132 1836 multiplices
1166 1780 1302 1821 abaco
1336 1779 1593 1835 splendente
1626 1793 1832 1820 cavernas

710 1851 878 1906 argenti
909 1850 1022 1905 nigri
1052 1849 1246 1905 pondera
1278 1848 1519 1890 defodiam:

646 1934 726 1961 nec
759 1919 946 1975 scyphus
979 1919 1048 1960 hic
1080 1919 1265 1969 dabitur,
1298 1918 1428 1959 rutilo
1461 1917 1529 1958 cui
1559 1917 1672 1958 forte
1705 1919 1880 1959 metallo

574 1999 604 2022 10
712 1992 951 2029 crustatum
984 1989 1168 2043 stringat
1199 1987 1355 2028 tortilis
1389 2001 1496 2027 ansa
1527 1987 1654 2028 latus.

647 2058 813 2099 fercula
846 2060 946 2098 sunt
975 2057 1101 2098 nobis
1133 2055 1383 2106 mediocria,
1415 2069 1501 2096 non
1534 2055 1593 2096 ita
1622 2055 1749 2099 facta,

709 2142 937 2170 mensurae
969 2132 1015 2169 ut
1047 2127 1224 2183 grandis
1257 2127 1459 2182 suppleat
1491 2140 1560 2167 ars
1593 2127 1793 2182 pretium.

649 2211 733 2238 non
766 2211 902 2253 panes
934 2196 1101 2252 Libyca
1133 2197 1280 2237 solitos
1313 2196 1550 2237 flavescere
1585 2195 1711 2251 Syrte

710 2266 896 2321 accipiet
928 2265 1043 2307 Galli
1075 2266 1239 2307 rustica
1270 2279 1420 2306 mensa
1452 2266 1527 2307 tui.

570 2345 601 2368 1⁵
648 2336 747 2376 vina
778 2335 882 2376 mihi
916 2349 1000 2376 non
1036 2339 1135 2376 sunt
1168 2334 1391 2381 Gazetica,
1425 2333 1548 2384 Chia,
1582 2334 1769 2375 Falerna

710 2417 907 2458 quaeque
943 2403 1184 2459 Saraptano
1217 2403 1394 2458 palmite
1426 2403 1561 2443 missa
1592 2402 1731 2443 bibas.

650 2472 803 2526 pocula
835 2486 919 2512 non
952 2471 1021 2512 hic
1056 2475 1155 2512 sunt
1187 2471 1373 2512 illustria
1404 2471 1579 2512 nomine
1612 2471 1726 2526 pagi,

709 2539 821 2595 quod
853 2541 1000 2596 posuit
1033 2541 1192 2582 nostris
1224 2541 1317 2596 ipse
1350 2539 1546 2580 triumvir
1576 2539 1704 2594 agris.

647 2614 692 2650 tu
724 2612 871 2650 tamen
902 2613 949 2650 ut
981 2610 1128 2650 venias
1161 2609 1371 2664 petimus;
1404 2608 1522 2649 dabit
1554 2608 1698 2649 onmia
1730 2607 1944 2653 Christus,

573 2689 605 2712 2¹0
713 2679 782 2720 hic
814 2680 917 2720 mihi
951 2680 1022 2735 qui
1054 2680 1240 2734 patriam
1271 2679 1376 2720 fecit
1408 2693 1554 2720 amore
1586 2682 1674 2721 tuo.

1176 2839 1346 2882 XVIII.

845 2931 925 2972 DE
958 2930 1216 2972 BALNEIS
1250 2930 1472 2972 VILLAE
1508 2930 1676 2972 SUAE.

649 2997 706 3059 Si
740 3018 835 3073 quis
868 3017 1100 3058 Avitacum
1134 3016 1326 3072 dignaris
1360 3017 1502 3058 visere
1536 3020 1742 3062 nostram,

711 3101 795 3127 non
828 3087 906 3127 tibi
939 3085 1187 3141 displiceat:
1223 3086 1284 3126 sic
1317 3085 1431 3140 quod
1464 3085 1600 3126 habes
1633 3085 1818 3139 placeat.

301 3223 364 3256 117
397 3225 522 3257 medios
548 3224 602 3256 Pa
744 3222 809 3256 118
839 3225 897 3266 qui
921 3224 991 3256 PT
1126 3222 1193 3256 120
1223 3225 1272 3256 tui
1296 3223 1334 3256 F
1471 3222 1536 3255 125
1564 3224 1845 3256 concianaturum
1867 3223 1899 3254 T
1986 3223 2023 3254 in
2047 3222 2078 3253 T
2096 3233 2160 3263 seq.
2187 3232 2212 3253 c.
2232 3219 2328 3252 XXI
2336 3219 2366 3251 V

163 3283 394 3315 EXPLICIT.
423 3281 547 3323 Incipit
571 3281 720 3313 eiusdem
746 3282 955 3323 epigramma
981 3292 1048 3323 quo
1074 3282 1247 3313 invitant
1271 3279 1322 3321 (ut
1338 3292 1367 3312 v.
1389 3281 1422 3312 vi
1439 3291 1527 3312 eras.
1546 3292 1588 3312 m.
1607 3280 1643 3322 2)
1666 3271 1706 3313 V.
1730 3271 1768 3312 E
1810 3279 2017 3313 Ommatium
2041 3278 2085 3311 ad
2110 3277 2259 3310 natalem
2276 3293 2362 3309 *u*

164 3340 265 3372 (diem
291 3350 378 3371 eras.
396 3350 438 3370 m.
457 3340 489 3378 2)
515 3349 665 3370 sumum
693 3337 743 3378 (ut
760 3350 789 3369 τ.
808 3349 845 3370 01·
861 3349 948 3370 eras.
966 3351 1009 3371 m.
1031 3338 1066 3380 2)
1083 3339 1209 3370 subscr.
1229 3338 1354 3370 rubrio.
1371 3338 1407 3369 iu
1429 3338 1469 3375 C;
1493 3338 1692 3379 subscriptio
1710 3337 1799 3369 deest
1815 3337 1851 3369 in
1869 3336 1910 3375 P,
1933 3335 1992 3368 sed
2009 3335 2076 3367 duo
2094 3344 2209 3366 versus
2224 3339 2360 3372 cacan&

164 3396 322 3429 Eiusdem
340 3397 459 3438 incipit
475 3396 515 3427 ad
534 3401 737 3427 commatum
752 3395 899 3427 invitans
917 3406 994 3427 eum
1012 3396 1054 3428 ad
1072 3396 1219 3427 natalem
1237 3395 1323 3427 diem
1339 3405 1478 3426 suorum
1492 3393 1543 3431 F‚·
1563 3393 1604 3426 cle
1624 3393 1694 3425 Τυ.
1706 3399 1782 3436 post
1795 3404 1821 3425 c.
1838 3393 1912 3424 XV
2027 3391 2042 3423 l
2061 3389 2152 3433 ante]
2171 3390 2366 3432 namqueF

161 3454 318 3486 adunasti
336 3452 368 3484 P
482 3451 502 3483 '2
528 3452 655 3495 primas
680 3452 859 3494 pieiferum
877 3451 935 3483 CP
1050 3450 1071 3483 3
1094 3453 1199 3484 nostri
1217 3452 1245 3484 C
1312 3451 1497 3483 decidimus
1517 3450 1566 3483 Ca
1683 3448 1705 3481 4
1730 3461 1816 3491 quae
1841 3449 1891 3492 (Q)
1915 3450 1947 3481 Τ
2058 3448 2078 3479 b'
2104 3448 2215 3480 murix
2234 3446 2361 3488 CPbF,

162 3512 267 3543 muris
278 3511 333 3542 Pa
404 3511 522 3542 simma
535 3509 633 3542 codd.
753 3507 796 3540 14
810 3509 921 3550 gallus
938 3508 968 3539 T
1081 3509 1122 3541 145
1136 3514 1313 3551 seraptano
1327 3508 1395 3548 CF,
1413 3513 1591 3550 sarepteno
1608 3507 1640 3538 T
1738 3507 1967 3539 EXPLICIT.
1983 3507 2067 3538 Item
2080 3505 2198 3547 incipit
2210 3505 2359 3537 eiusdem

163 3570 371 3611 epigramma
396 3568 436 3600 de
460 3567 591 3599 balneis
616 3567 719 3599 villae
744 3577 824 3598 suae
850 3577 951 3608 supra
977 3567 1087 3598 laeum
1114 3567 1243 3609 positae
1263 3566 1306 3606 C';
1337 3555 1503 3597 EIVSDE
1534 3565 1771 3597 EPIGRAMA
1802 3565 1864 3596 DE
1889 3563 2028 3594 VILLA
2059 3562 2144 3594 SVA
2173 3561 2209 3602 T,
2238 3562 2361 3604 Incipit

164 3626 314 3658 eiusdem
341 3625 381 3657 de
414 3625 542 3657 balneis
568 3625 648 3656 ville
679 3636 740 3657 sue
773 3635 875 3666 supra
905 3624 1018 3656 lacum
1049 3625 1111 3656 site
1136 3624 1179 3665 F,
1211 3624 1337 3656 subscr.
1365 3634 1432 3655 uno
1456 3635 1484 3655 v.
1510 3634 1581 3654 vac.
1607 3634 1670 3655 om.
1689 3623 1722 3654 P
1883 3619 1899 3652 1
1926 3620 2124 3653 auuitacum
2152 3619 2198 3652 6¹¹
2224 3624 2260 3651 ut
2282 3619 2361 3660 vid„

164 3690 322 3714 antaeum
351 3682 408 3722 (32,
431 3682 623 3714 avidtaeum
650 3682 691 3722 P,
715 3682 900 3714 avittacuin
934 3681 970 3721 T,
995 3682 1180 3714 avidtatum
1208 3681 1245 3713 F
1380 3678 1401 3711 2
1426 3680 1483 3713 sed
1510 3678 1552 3720 F,
1577 3679 1605 3712 si
1628 3680 1726 3722 vulyo
1823 3679 1930 3722 placet
1956 3676 1993 3709 F
