2583 4011
1075 177 1139 210 VH
1167 189 1198 211 v.
1225 178 1294 212 ‘2⁴30
1319 197 1360 201 —
1388 190 1418 212 v.
1445 179 1523 212 1344.
2322 185 2398 224 211

684 292 988 335 Theudoridae
1020 291 1168 340 fixum.
1201 305 1281 333 nec
1314 297 1408 334 erat
1441 307 1636 348 pugnare
1669 307 1867 336 neeesse.

684 363 761 404 sed
794 364 981 418 migrare
1014 361 1152 404 Getis.
1217 362 1408 404 rabidam
1442 368 1542 403 trux
1575 369 1750 418 asperat
1783 364 1887 405 iram

686 433 841 476 vietor:
875 432 989 487 quod
1023 432 1159 474 sensit
1192 431 1441 487 Scythicum
1475 446 1551 488 pro
1583 432 1810 474 moenibus
1845 433 2025 475 hostem.

589 510 637 533 Μ·
683 501 888 558 imputat:
923 506 967 543 et
999 501 1054 542 nil
1089 506 1157 543 est
1188 501 1378 556 gravius
1412 502 1446 542 si
1482 501 1666 542 forsitan
1699 515 1903 558 umquam

683 571 858 613 vincere
892 571 1133 626 contingat.
1167 570 1349 626 trepido.
1409 576 1638 626 postquam
1672 571 1865 627 undique
1897 573 2059 614 nullum

683 640 947 696 praesidium
982 641 1250 696 ducibusque
1285 641 1370 682 tuis
1405 641 1477 683 nil.
1511 640 1665 682 Roma.
1700 641 1900 683 relietum
1935 649 2013 682 est.

684 710 852 755 foedus.
884 710 1031 753 Avite.
1064 725 1218 752 novas:
1252 724 1429 751 saevum
1464 715 1538 751 tua
1570 710 1730 766 pagina
1763 724 1910 765 regem

684 778 799 821 lecta
831 778 1000 822 domat:
1033 780 1215 821 iussisse
1250 785 1317 820 sat
1351 786 1417 820 est
1450 785 1492 820 te
1526 779 1640 834 quod
1673 786 1797 835 rogat
1829 779 1960 821 orbis.

589 858 640 881 ³¹⁰
683 849 861 891 credent
895 849 975 891 hoe
1009 864 1212 904 umquam
1246 856 1402 904 gentes
1437 850 1672 905 populique
1706 850 1866 891 futuri?

681 919 823 960 littera
858 918 1044 960 Romani
1078 925 1220 960 cassat
1254 918 1379 974 quod.
1414 918 1614 960 barbare.
1648 919 1797 959 vincis.

681 988 775 1029 iura
807 989 939 1043 igitur
970 989 1101 1029 rexit:
1136 1003 1322 1044 namque
1358 988 1435 1029 hoc
1470 1002 1641 1043 quoque
1675 1002 1753 1044 par
1775 988 1868 1031 fuit.
1901 993 1947 1029 ut
1972 994 2061 1030 tum

683 1062 879 1100 assertor
910 1058 1034 1100 fieret
1067 1058 1211 1113 legum
1249 1059 1319 1113 qui
1354 1072 1466 1099 nunc
1501 1058 1581 1099 erit
1613 1062 1777 1099 auctor.

685 1141 736 1168 ne
770 1125 939 1168 dandus
974 1127 1146 1182 populis
1179 1127 1397 1182 princeps.
1433 1132 1576 1182 eaput.
1613 1127 1909 1183 induperator.

588 1205 638 1229 ²³¹³¹
683 1195 847 1238 Caesar
879 1202 924 1238 et
956 1196 1184 1251 Augustus
1220 1197 1358 1238 solum
1395 1198 1486 1238 t'era
1521 1198 1689 1252 proelia
1722 1203 1884 1239 nosset.

746 1265 837 1306 Iam
873 1266 1172 1320 praefecturae
1206 1266 1462 1321 perfunctus
1497 1267 1684 1308 eulmine
1718 1266 1894 1308 tandem

683 1350 729 1376 se
762 1334 944 1377 dederat
978 1336 1065 1376 ruri
1097 1334 1353 1391 (numquam
1387 1341 1530 1377 tamen
1565 1337 1666 1377 otia.
1701 1349 1935 1391 numquam

681 1405 849 1447 desidia
882 1405 1091 1448 imbellis:
1126 1404 1406 1460 studiumque
1441 1411 1483 1447 et
1517 1420 1616 1447 cura
1651 1408 1798 1461 quieto

682 1490 898 1518 armorum
932 1483 1144 1532 seniperl:
1180 1475 1325 1517 subito
1360 1490 1456 1517 eum
1491 1480 1615 1531 rupta
1651 1478 1837 1519 tumultu

587 1555 637 1579 2⁴2⁰
679 1545 901 1588 barbaries
934 1550 1048 1587 totas
1083 1546 1125 1586 in
1159 1550 1201 1587 te
1235 1545 1529 1587 transfuderat
1561 1551 1718 1588 arctos.

684 1615 842 1658 Gallia.
904 1629 1147 1670 pugnacem
1181 1615 1355 1670 Rugum
1390 1616 1625 1662 comitante
1665 1616 1834 1659 Gelono

683 1686 854 1743 Gepida
887 1691 987 1727 trux
1020 1687 1234 1741 seqnitur:
1271 1685 1455 1741 Scyrum
1489 1686 1747 1742 Burgundio
1783 1690 1920 1745 cogit:

683 1757 875 1798 Chunus.
910 1755 1179 1798 Bellonotus.
1213 1755 1399 1798 Neurus.
1436 1756 1665 1799 Bastarna.
1699 1758 1928 1813 Toringus.

682 1826 934 1877 Bructerus,
967 1825 1119 1866 ulvosa
1153 1825 1222 1866 vel
1256 1839 1384 1880 quem
1416 1824 1547 1867 Nicer
1579 1826 1703 1867 alluit
1734 1826 1863 1868 unda.

591 1906 638 1930 '’v-¹⁷1
683 1895 924 1951 prorumpit
956 1893 1177 1936 Francus:
1213 1894 1373 1936 cecidit
1406 1895 1490 1936 cito
1525 1900 1645 1937 secta
1678 1896 1854 1952 bipenni

685 1965 911 2020 Hercynia
944 1965 985 2005 in
1018 1965 1170 2006 lintres
1206 1970 1248 2005 et
1282 1964 1484 2006 Rhenum
1518 1965 1660 2007 texuit
1693 1965 1811 2007 alno:

686 2040 729 2077 et
762 2035 845 2075 iam
879 2034 1078 2076 terrificis
1110 2033 1342 2075 diffuderat
1373 2033 1515 2075 Attila
1548 2035 1699 2075 turmis

684 2105 725 2145 in
760 2118 935 2160 campos
969 2118 1029 2146 se.
1063 2103 1216 2159 Belga.
1252 2108 1365 2145 tuos.
1429 2105 1501 2144 vix
1534 2105 1722 2160 liquerat
1753 2106 1890 2161 Alpes

683 2174 858 2216 Aetius.
891 2179 1023 2215 tenue
1057 2178 1100 2215 et
1135 2187 1279 2214 rarum
1313 2173 1406 2214 sine
1440 2173 1578 2215 milite
1612 2173 1776 2216 ducens

593 2254 644 2278 22³0
687 2245 820 2287 robur
851 2244 894 2285 in
929 2243 1117 2285 auxiliis.
1152 2243 1354 2284 Geticum
1387 2244 1500 2284 male
1535 2243 1736 2285 credulus
1769 2259 1925 2300 agmen

685 2315 906 2356 incassum
938 2313 1125 2370 propriis
1159 2327 1443 2369 praesumens
1478 2312 1629 2356 adfore
1663 2314 1832 2355 castris.

686 2385 862 2426 nuntius
895 2388 938 2425 at
972 2387 1205 2439 postquam
1236 2382 1462 2424 ductorem
1497 2383 1697 2438 perculit,
1731 2383 1882 2425 Hunos

684 2456 769 2497 iam
800 2468 938 2511 prope
972 2458 1271 2509 contemptum
1305 2452 1490 2509 propriis
1523 2453 1566 2494 in
1601 2451 1780 2495 sedibus
1812 2453 1982 2495 hostem

685 2529 921 2581 expectare
955 2523 1107 2571 Getas.
1141 2526 1289 2565 versat
1320 2536 1458 2578 vagus
1492 2523 1636 2564 omnia
1669 2536 1818 2564 secum

596 2605 644 2629 '³³5¹
691 2595 875 2637 consilia
907 2599 952 2636 et
982 2598 1176 2636 mentem
1211 2607 1412 2635 curarum
1445 2592 1651 2634 fluctibus
1686 2598 1826 2648 urget.

683 2665 860 2707 tandem
892 2665 1064 2706 nutanti
1097 2663 1209 2706 sedit
1241 2663 1461 2705 sententia
1493 2663 1658 2704 celsum

684 2749 868 2777 exorare
901 2735 1054 2786 virum.
1088 2734 1370 2788 collectisque
1404 2732 1605 2774 omnibus
1639 2746 1724 2774 una

684 2804 953 2861 principibus
986 2818 1132 2846 coram
1165 2803 1353 2859 supplex
1386 2803 1448 2844 sie
1480 2802 1642 2844 talibus
1674 2802 1785 2843 infit:

685 2875 845 2928 “orbis.
880 2875 1024 2927 Avite,
1057 2875 1188 2927 salus,
1225 2873 1294 2915 cui
1326 2887 1411 2914 non
1444 2887 1557 2914 nova.
1589 2872 1730 2928 gloria
1760 2886 1874 2914 nune
1909 2877 1990 2913 est.

591 2954 642 2978 3⁴0
685 2945 800 3001 quod
831 2950 956 3001 rogat
987 2945 1166 2993 Aetius:
1200 2943 1390 2996 voluisti,
1425 2948 1469 2985 et
1500 2957 1585 2984 non
1617 2947 1745 2985 nocet
1777 2942 1935 2983 hostis:

685 3016 769 3057 vis:
803 3014 996 3071 prodest.
1058 3014 1228 3055 inclusa
1257 3018 1384 3055 tenes
1418 3018 1483 3054 tot
1513 3012 1633 3054 milia
1665 3017 1787 3064 nutu,

685 3089 730 3127 et
758 3084 932 3142 populis
966 3083 1133 3126 Getieis
1166 3083 1261 3125 sola
1294 3087 1363 3125 est
1397 3087 1472 3124 tua
1503 3082 1646 3138 gratia
1677 3082 1826 3124 limes:

685 3155 846 3197 infensi
877 3167 1050 3209 semper
1081 3153 1208 3195 nobis
1240 3166 1397 3208 pacem
1429 3151 1508 3194 tibi
1539 3154 1781 3207 praestant.

686 3225 905 3276 victrices,
939 3224 967 3276 i.
998 3237 1150 3280 prome
1184 3222 1376 3278 aquilas;
1409 3221 1491 3273 fac,
1524 3221 1703 3277 optime,
1738 3219 1931 3271 chunos,

333 3344 401 3379 302
418 3345 635 3379 theodoridae
654 3343 755 3385 TFC,
778 3341 931 3375 theodori
945 3340 985 3372 Μ
1101 3337 1170 3372 304
1186 3339 1283 3372 hoste
1296 3338 1341 3370 Μ
1452 3336 1520 3370 306
1538 3337 1668 3370 nullam
1682 3336 1726 3369 M
1838 3334 1906 3369 309
1923 3341 2013 3369 secta
2031 3336 2074 3367 C¹
2149 3341 2198 3368 est
2216 3332 2262 3377 te]
2280 3335 2362 3367 estie
2378 3333 2422 3365 J!

197 3402 267 3436 310
297 3405 413 3437 futura
438 3403 483 3436 M
617 3400 686 3434 312
710 3402 844 3443 hocque
869 3410 932 3443 par
957 3398 1000 3430 M
1090 3409 1169 3430 eum
1195 3397 1248 3429 vel
1272 3408 1351 3429 eum
1379 3397 1408 3428 C
1545 3393 1613 3428 313
1637 3400 1783 3428 assertor
1808 3395 1904 3427 fieret
1928 3394 2044 3436 legum
2078 3391 2120 3435 T]
2155 3394 2249 3426 fieret
2274 3397 2420 3424 assertor

196 3463 313 3505 legum
323 3461 432 3494 MFC
537 3458 606 3493 314
618 3460 840 3503 induperator
851 3459 971 3501 vulgo:
989 3458 1236 3500 imperatorque
1253 3455 1325 3488 (ΠΙ
1327 3455 1364 3496 Τ,
1382 3455 1632 3498 imperiumque
1645 3453 1683 3486 F
1787 3451 1856 3486 320
1869 3460 1937 3486 tota
1948 3453 1988 3485 Jl
2098 3449 2167 3484 322
2181 3451 2305 3494 Zepida
2320 3449 2417 3482 codd.

196 3521 341 3563 Scyrum
360 3518 584 3557 Sirmomlm;
608 3529 765 3551 seuerum
788 3517 854 3557 TC,
878 3527 1035 3549 socerum
1054 3515 1098 3556 F,
1123 3525 1236 3547 serum
1254 3513 1299 3545 ΔΠ
1423 3511 1492 3544 323
1517 3512 1736 3545 bellonothus
1754 3510 1833 3543 ΜΕ
1907 3521 2053 3543 nem-um
2073 3508 2109 3541 F
2183 3508 2369 3540 bastharna
2392 3507 2423 3539 T

196 3578 378 3620 thoringus
391 3576 476 3617 MT,
494 3577 682 3619 thogingus
695 3575 733 3608 F
844 3573 912 3608 324
931 3575 985 3607 vel
1003 3585 1104 3616 quem
1127 3572 1346 3605 Il'ilamowit:
1362 3582 1372 3603 .·
1390 3583 1492 3613 quem
1509 3571 1564 3604 vel
1582 3571 1680 3604 codd.
1799 3568 1867 3602 32⁴}
1884 3570 1961 3602 alvo
1976 3568 2013 3600 F
2125 3565 2192 3599 329
2209 3567 2343 3599 aethius
2365 3565 2423 3598 TC

197 3641 232 3668 et
255 3647 319 3668 om.
337 3635 379 3666 JI
461 3635 576 3667 dicens
594 3633 653 3665 Ma
786 3632 851 3665 331
879 3633 1038 3675 aelphore
1055 3631 1092 3663 F
1221 3628 1288 3662 332
1313 3630 1422 3661 honos
1438 3628 1484 3660 JI
1609 3627 1677 3661 333
1702 3633 1879 3661 contentos
1897 3626 1941 3658 Jl
2065 3623 2130 3657 334
2157 3630 2336 3667 expectara
2354 3622 2418 3654 Jla

196 3691 264 3726 336
288 3693 423 3725 nutanti
442 3691 485 3724 M
495 3705 504 3724 .-
518 3692 694 3725 cunctanti
717 3691 748 3722 T
745 3691 811 3723 FC
901 3691 986 3722 sedit
1012 3701 1076 3721 om.
1095 3689 1131 3721 F
1266 3686 1332 3720 337
1359 3698 1517 3720 exorasse
1540 3686 1583 3718 J!
1730 3684 1797 3718 338
1823 3686 1848 3717 si
1869 3684 1906 3716 F
1911 3690 1927 3706 ³
2069 3680 2136 3714 :340
2160 3682 2292 3714 aethius
2317 3680 2417 3720 TFC,

198 3751 309 3784 actius
326 3750 371 3782 M
467 3756 499 3782 et
524 3749 632 3781 deleri
656 3749 743 3781 iubet
769 3748 985 3780 ῘΠΙαηιοιι-ῐίῖ
1135 3745 1201 3779 341
1228 3744 1253 3789 i]
1280 3752 1311 3778 et
1338 3750 1373 3776 ut
1397 3745 1463 3777 rid.
1487 3744 1521 3776 F

2071 3817 2142 3850 27*
