2583 4011
194 172 273 210 21ss
1052 162 1229 197 leoNu
1257 160 1518 195 eAnmNUM

677 289 723 321 ut
755 280 932 334 prosim!
969 278 1149 320 suadere
1183 291 1325 318 meum
1360 280 1447 318 est:
1479 290 1578 316 nam
1611 275 1753 317 Gallia
1785 277 1817 317 si
1852 281 1893 317 te

676 348 945 404 compulerit,
981 362 1089 402 quae.
1121 346 1214 387 iure
1248 349 1404 400 potest.
1438 345 1512 385 tibi
1546 348 1697 399 pareat
1730 345 1860 388 orbis.

676 432 728 458 ne
761 416 956 472 pereat.''
1018 416 1126 457 dixit
1158 415 1405 470 pariterque
1438 415 1480 454 in
1514 413 1645 455 verba
1676 414 1812 469 petita

676 486 751 526 dat
784 490 975 526 sanctam
1008 498 1103 525 eum
1137 484 1268 524 fratre
1301 482 1442 524 fidem.
1504 483 1704 529 discedis,
1737 483 1879 526 Avito.

587 566 633 588 ···-’·’
677 558 880 595 maestus.
915 553 985 608 qui
1019 552 1169 593 Gallos
1202 553 1334 592 scires
1367 564 1451 592 non
1484 566 1612 606 posse
1646 552 1782 593 latere

677 622 777 678 quid
811 622 976 677 possint
1009 621 1170 662 servire
1204 619 1342 661 Getae
1376 626 1417 661 te
1450 621 1657 676 principe.
1720 635 1904 676 namque

679 691 843 732 vix-ibus
876 695 923 730 ut
956 690 1096 744 patuit
1129 688 1308 743 trepidis
1343 693 1384 729 te
1416 687 1595 729 foedera
1626 689 1752 739 ferre,

677 765 904 801 occurrunt
935 759 1100 799 alacres
1134 759 1366 812 ignaroque
1400 761 1500 798 ante
1534 756 1721 798 tribunal

677 833 893 870 sternunt:
927 833 1059 882 utque
1093 826 1199 867 satis
1234 826 1407 867 sibimet
1438 840 1667 867 numerosa
1697 826 1838 867 coisse

678 898 883 938 nobilitas
915 897 1005 937 visa
1041 900 1121 939 est,
1155 909 1283 950 quam
1317 909 1425 936 saxa
1456 895 1616 935 nivalia
1648 894 1763 935 Cotti

677 967 942 1021 despectant,
975 965 1105 1006 variis
1136 979 1217 1005 nee
1251 978 1334 1005 non
1368 979 1496 1019 quam
1529 964 1725 1019 partibus
1758 964 1890 1005 ambit

678 1035 889 1090 Tyrrheni
922 1034 1150 1088 Rhenique
1183 1033 1333 1087 liquorq
1368 1034 1437 1074 vel
1468 1034 1598 1088 longa
1629 1033 1814 1088 Pyrenei

679 1119 806 1159 quam
839 1104 938 1158 iuga
971 1103 1023 1144 ab
1057 1102 1254 1157 Hispano
1288 1102 1503 1143 seclusam
1536 1102 1627 1143 iure
1661 1102 1905 1153 cohercent2

679 1171 928 1227 aggreditur
959 1171 1091 1211 nimio
1126 1184 1325 1211 curarum
1358 1170 1550 1225 pondere
1584 1171 1752 1212 tristem

588 1251 634 1273 ³³⁰
677 1240 869 1295 gaudens
902 1240 1026 1281 turba
1059 1240 1209 1280 virum.
1273 1253 1499 1294 procerum
1540 1243 1630 1279 tum
1670 1240 1884 1280 maximus
1918 1254 2043 1290 unus,

679 1310 833 1365 dignus
867 1309 939 1364 qui
973 1309 1140 1364 patriae
1173 1322 1403 1363 personam
1441 1314 1643 1361 sumeret,
1681 1309 1792 1349 infit:

678 1393 833 1434 ”quam
866 1393 943 1419 nos
976 1393 1052 1434 per
1087 1378 1225 1418 varios
1258 1376 1419 1417 dudum
1452 1377 1624 1418 fortuna
1656 1378 1826 1419 labores

680 1448 870 1504 principe
905 1448 983 1488 sub
1018 1461 1152 1502 puero
1185 1447 1340 1487 laceris
1373 1450 1485 1487 terat
1517 1461 1671 1501 aspera
1706 1447 1850 1492 rebus„

680 1519 766 1558 fors
800 1518 990 1571 longum,
1024 1516 1112 1557 dux
1144 1530 1316 1571 magne,
1350 1516 1485 1570 queri,
1521 1530 1615 1556 cum
1639 1516 1797 1571 quippe
1822 1515 2044 1556 dolentum

590 1598 636 1619 ’ἥδ
682 1587 873 1628 maxima
904 1600 1003 1641 pars
1037 1586 1184 1632 fueris„
1219 1585 1385 1640 patriae
1420 1584 1520 1625 dum
1553 1585 1733 1626 vulnera
1765 1586 1918 1640 lugens

679 1654 1042 1696 sollicitudinibus
1076 1654 1410 1695 vehementibus
1445 1655 1694 1709 exagitaris.

682 1725 759 1765 has
792 1724 913 1764 nobis
948 1723 1060 1764 inter
1093 1723 1239 1764 clades
1272 1738 1322 1764 ac
1354 1725 1509 1765 funera
1541 1723 1688 1765 mundi

681 1809 794 1834 mors
828 1793 988 1833 vixisse
1022 1793 1132 1833 suits
1176 1792 1250 1834 sed
1284 1792 1385 1833 dum
1417 1807 1494 1848 per
1528 1793 1664 1834 verba
1697 1796 1926 1848 parentum

681 1865 860 1918 ignavas
893 1863 1071 1904 colimus
1103 1864 1226 1918 leges
1260 1868 1547 1919 sanctumque
1581 1868 1784 1919 putamus

590 1943 638 1965 ⁵⁴¹¹
681 1948 771 1973 rem
803 1937 993 1973 veterem
1026 1946 1103 1987 per
1135 1932 1292 1973 damna
1325 1933 1461 1987 sequi,
1499 1933 1764 1988 portavimus
1796 1932 1991 1973 umbram

682 2001 863 2056 imperii,
896 2001 1071 2056 generis
1107 2002 1297 2042 contenti
1330 2002 1444 2042 ferre
1478 2002 1638 2042 vetusti

685 2076 728 2111 et
759 2070 865 2110 vitia
898 2084 947 2110 ac
982 2070 1150 2110 solitam
1184 2070 1332 2111 vestiri
1364 2070 1526 2111 murice
1559 2074 1733 2125 gentem

681 2153 799 2179 more
835 2138 970 2193 magis
1004 2152 1131 2193 quam
1164 2139 1256 2179 iure
1289 2139 1392 2193 pati.
1452 2139 1775 2194 promptissima
1808 2152 1945 2193 nuper

680 2208 800 2248 fulsit
834 2206 1047 2255 condic-im
1081 2208 1275 2262 proprias
1309 2222 1392 2262 qua
1424 2208 1570 2249 Gallia
1603 2208 1716 2248 vires

588 2287 636 2309 ³²³·
683 2282 896 2328 exereret,
929 2275 1141 2331 trepidam
1174 2276 1275 2317 dum
1308 2276 1524 2316 Maximus
1557 2281 1742 2331 occupat
1773 2275 1943 2318 urbem:

681 2347 829 2387 orbem
863 2351 930 2387 sat
962 2346 1114 2401 potuit,
1149 2346 1182 2386 si
1216 2350 1259 2387 te
1294 2346 1378 2386 sibi
1410 2350 1499 2387 tota
1532 2346 1739 2400 magistro

684 2430 818 2470 regna
851 2416 1143 2456 reformasset.
1209 2415 1302 2469 quis
1336 2418 1531 2455 nostrum
1563 2414 1743 2469 Belgica
1775 2428 1887 2463 rura,

683 2486 783 2525 litus
816 2484 1071 2529 Aremorici.
1107 2483 1285 2525 Geticas
1318 2484 1412 2539 quis
1446 2484 1627 2525 moverit
1659 2484 1757 2534 iras7

682 2568 767 2594 non
802 2553 927 2593 latet:
963 2552 1026 2592 his
1060 2552 1192 2593 tantis
1227 2552 1305 2593 tibi
1338 2553 1565 2604 cessimus,
1599 2552 1762 2603 inclite,
1796 2551 1936 2591 bellis.

595 2634 643 2653 ³5³⁶·
690 2637 801 2663 nunc
833 2623 917 2662 iam
951 2635 1118 2661 summa
1150 2624 1326 2668 vocant;
1367 2620 1497 2661 (lubio
1532 2621 1611 2661 sub
1645 2625 1839 2676 tompore
1873 2635 2051 2674 regnum

683 2707 765 2733 non
802 2690 913 2745 regit
944 2690 1139 2744 ignavus.
1202 2690 1474 2744 postponitur
1506 2689 1692 2730 ambitus
1726 2689 1878 2735 omnis,

683 2761 834 2801 ultima
867 2773 962 2800 curn
994 2759 1133 2799 claros
1166 2763 1398 2813 quaerunt:
1434 2763 1530 2814 post
1563 2758 1720 2799 damna
1751 2758 1891 2798 Ticini

685 2845 733 2871 ac
766 2829 953 2870 Trebiae
987 2827 1210 2883 trepidans
1242 2828 1396 2883 raptim
1429 2842 1498 2869 res
1530 2827 1708 2882 publica
1740 2827 1857 2868 venit

684 2898 738 2939 ad
770 2898 965 2938 Fabium.
1030 2896 1201 2937 Cannas
1234 2896 1429 2937 celebres
1453 2896 1650 2937 Varrone
1683 2896 1834 2948 fugato

685 2966 1019 3022 Scipiadumque
1055 2965 1183 3006 etiam
1217 2970 1463 3020 turgentem
1494 2966 1644 3006 funere
1679 2964 1873 3005 Poenum

683 3035 830 3076 Livius
863 3035 1028 3075 electus
1060 3033 1204 3088 fregit.
1267 3034 1477 3089 captivus‚
1509 3038 1556 3074 ut
1588 3033 1721 3083 aiunt,

685 3104 798 3145 orbis
831 3103 873 3143 in
906 3103 1010 3144 urbe
1044 3102 1179 3144 iacet:
1212 3103 1413 3157 princeps
1446 3102 1570 3157 perit,
1605 3102 1673 3142 hic
1706 3106 1834 3156 caput
1865 3114 1990 3141 omne

341 3287 405 3320 517
420 3288 625 3331 ‹mnpulerat
644 3288 672 3318 T
782 3285 845 3317 521
865 3286 953 3327 quod
971 3286 1071 3318 „llolm-
1188 3285 1254 3317 522
1269 3286 1402 3326 Quibus
1416 3286 1458 3316 JI
1571 3283 1637 3317 524
1654 3295 1833 3316 numerasa
1853 3284 1900 3314 Ta
2015 3282 2083 3314 525
2099 3283 2192 3315 cottii
2205 3282 2240 3321 C,
2255 3280 2353 3313 coelii
2369 3278 2400 3310 Τ

204 3347 269 3378 5:205
306 3347 493 3388 ‹Uspen-tant
524 3345 563 3375 [ΙΙ
746 3342 809 3375 527
848 3344 975 3385 tyrreni
1013 3344 1174 3385 rhenique
1208 3343 1277 3383 TC,
1314 3343 1522 3384 thirrenique
1554 3342 1596 3373 M
1737 3341 1879 3383 Pyrenei
1910 3340 2130 3376 Sir-mvnda&
2168 3338 2302 3381 perenei
2335 3336 2394 3376 Ca,

204 3404 323 3446 pirinei
351 3403 392 3443 F,
426 3402 551 3445 pirenei
576 3401 636 3441 Cb,
669 3401 793 3443 perinei
821 3400 908 3437 Jl'l';
942 3402 1090 3442 l'yrenes
1116 3400 1219 3432 xllolm·
1379 3399 1443 3431 531
1478 3405 1571 3442 patre
1599 3399 1636 3430 M
1791 3396 1856 3429 532
1887 3398 2010 3430 laboris
2036 3397 2076 3427 M
2229 3393 2297 3426 534
2327 3396 2395 3426 fors

204 3463 236 3493 in
264 3462 402 3503 longum
420 3459 456 3491 F
534 3458 616 3500 dux]
642 3459 721 3490 dum
741 3458 780 3488 M
855 3458 977 3499 quippe
996 3457 1057 3488 Ma
1187 3456 1253 3488 :3:55
1279 3457 1384 3489 rubia
1410 3458 1512 3499 lugeu
1531 3457 1572 3487 M
1697 3454 1764 3487 540
1791 3455 1997 3497 portabimus
2015 3453 2054 3484 M
2181 3450 2248 3484 543
2273 3449 2393 3494 nuper]

205 3528 334 3560 semper
352 3517 388 3549 F
523 3515 588 3548 544
613 3528 698 3558 quae
718 3515 757 3546 Jl
840 3515 961 3556 gallica
982 3514 1018 3545 F
1153 3513 1219 3545 545»
1245 3520 1377 3547 exercet
1402 3514 1432 3545 Τ
1528 3514 1693 3556 trepidum
1716 3513 1744 3544 (J
1783 3515 1789 3520 ”
1879 3509 1946 3543 546
1971 3511 2084 3543 orbem
2110 3514 2160 3542 sat
2185 3508 2293 3551 potuit
2311 3506 2394 3549 Leo]

207 3575 319 3606 orbem
347 3586 408 3616 ego
435 3581 482 3605 sat
511 3574 604 3616 potui
624 3573 702 3612 MC,
727 3572 840 3604 orlwem
868 3572 966 3602 immo
986 3572 1092 3613 potuit
1118 3571 1181 3603 ΤΕ
1263 3572 1289 3603 si
1309 3577 1341 3603 te
1358 3571 1421 3603 sibi
1438 3576 1505 3602 tota
1527 3570 1604 3602 TF:
1621 3570 1688 3602 vite
1706 3570 1768 3601 sibi
1787 3574 1866 3611 pota
1883 3568 1932 3607 M,
1958 3568 2038 3599 mihi
2057 3567 2200 3599 subdere
2217 3570 2316 3607 teque
2337 3563 2397 3603 Cb,

206 3644 267 3662 υιιι.
292 3632 340 3663 Ca
479 3628 544 3662 ῙΑῙ
579 3632 775 3662 reformasse
804 3629 832 3661 C
973 3627 1040 3659 :348
1071 3634 1219 3661 moveret
1245 3628 1287 3659 All
1422 3627 1486 3660 551
1520 3632 1613 3669 reget
1639 3627 1679 3658 Jl
1770 3627 1882 3658 abitus
1915 3625 1946 3656 T
2085 3622 2152 3655 553
2185 3622 2330 3664 trepidas
2356 3620 2396 3652 M

206 3686 270 3719 554
297 3688 441 3719 celebret
474 3688 524 3718 Ta
621 3698 744 3719 varone
769 3686 805 3717 Γ
939 3684 1003 3716 ὀῦῖ
1030 3687 1109 3717 orbe
1136 3686 1174 3716 M
