2583 4011
974 174 1054 208 Xlll
1086 186 1115 207 r.
1146 174 1185 207 17
1214 194 1252 196 —
1283 173 1362 207 xlv
1395 185 1423 206 ν.
1450 175 1503 206 255.
2254 175 2334 213 2:33

136 291 247 332 infra
295 290 609 332 arithmeticam
655 290 964 344 consequentia
1007 289 1198 329 membra
1244 288 1567 343 phil‹›s‹·›phia‹÷.
1621 288 1868 327 nullatenus
1914 302 2040 342 posse
2087 289 2178 328 sine
2223 289 2339 329 hisce

135 359 379 401 nominibus
412 358 612 400 indicari:
658 372 766 412 quae
802 359 836 398 si
870 358 1083 413 quispiam
1118 363 1162 398 ut
1197 356 1387 398 Graeca.
1432 357 1543 396 sicut
1576 361 1698 397 sunt,
1732 362 1772 395 et
1809 357 2037 409 peregrina
2072 357 2201 397 verba
2235 371 2336 396 con-

135 428 375 483 tempscrih
411 427 581 468 noverit
616 426 694 467 sibi
729 433 803 467 aut.
836 440 966 481 super
996 425 1298 466 l1uius‹·en10di
1333 426 1436 466 artis
1471 426 1688 465 mentione
1721 424 2094 479 snpersedenclum
2129 432 2201 465 aut
2239 425 2339 466 nihil

135 497 307 538 omnino
341 511 386 537 se
419 501 492 537 aut
526 501 643 537 certe
678 511 760 536 non
794 496 847 537 :ul
881 510 1023 538 assem
1052 495 1211 536 Latiari
1247 496 1390 548 lingua
1426 495 1522 535 him·
1556 509 1685 549 posse
1711 494 1940 535 disserere.
1992 495 2341 549 qu‹›1lsialiquis
2389 498 2409 531 ἰ·

85 577 98 599 ⁵
139 580 265 607 secus
299 571 428 620 atquc
461 579 611 606 assero
647 580 733 605 rem
768 581 812 605 se
847 565 1006 605 habere
1041 565 1274 608 censuerit,
1308 564 1361 604 do
1396 563 1568 618 quidem
1594 563 1750 603 absens
1775 564 2143 605 obtrectatorihus
2171 578 2340 604 manns:

68 919 100 943 lv

70 1265 99 1288 15·

136 634 212 676 sed
238 635 436 675 noverint
467 635 729 675 sententiam
763 648 901 675 ineam
939 634 1233 690 discrepamtia
1263 634 1491 674 sentientis
1526 633 1618 673 sine
1645 632 2016 673 IllnreoYarrone.
2050 634 2140 673 sine
2163 636 2342 673 Sereno.

135 718 221 745 non
246 702 468 758 Septimio.
503 702 578 743 sed
604 703 894 745 Sannnonicm
929 702 1299 745 si110s¹011s01·in‹›.
1334 703 1403 757 qui
1439 702 1492 742 ‹le
1527 701 1596 742 (lie.
1633 701 1766 741 natali
1804 702 2003 741 volumen
2040 702 2203 742 illustre
2239 716 2338 740 von-

136 772 257 822 fecit‚
304 786 387 812 non
422 786 549 827 posse
583 771 790 812 danmari.
854 773 1045 813 lecturus
1078 788 1124 811 es
1159 772 1226 812 hie
1261 771 1389 811 etiam
1427 784 1583 811 novum
1620 770 1820 810 verbum.
1867 770 1905 810 id
1941 775 2006 810 est
2039 771 2345 810 essentiam:

135 840 211 882 sed
253 841 365 881 scias
412 841 491 881 hoc
534 841 674 896 ipsum
718 841 880 881 dixisse
915 841 1190 881 Ciceronem:
1240 855 1334 880 nam
1376 840 1662 881 essentiam
1705 854 1782 879 nee
1827 854 1910 879 non
1945 847 1987 879 et
2030 839 2345 879 indoloriam

137 910 383 953 nominavit,
416 909 600 951 addens:
642 911 755 951 *lieet
788 911 901 951 enim
938 911 1058 951 novis
1086 911 1210 950 relius
1237 924 1347 950 nova
1374 909 1543 949 nomina
1573 908 1831 964 imponere':
1865 916 1906 947 et
1933 915 2048 949 recte
2074 908 2196 949 dixit.
2252 922 2345 947 nain

137 979 248 1020 sicut
279 979 332 1019 ab
366 993 417 1020 eo
451 978 564 1034 quod
599 986 664 1020 est
698 980 816 1020 verbi
850 980 989 1033 gratia
1023 994 1210 1035 sapere
1245 985 1287 1019 et
1331 979 1657 1032 intellegere
1694 978 2017 1033 sapientiam
2052 983 2093 1017 et
2127 976 2344 1016 intelle-

136 1048 362 1103 gentiam
405 1049 692 1092 nominamus,
739 1049 997 1102 regulariter
1035 1056 1078 1089 et
1121 1049 1175 1089 al)
1209 1062 1258 1087 eo
1293 1047 1407 1103 quod
1443 1053 1510 1087 est
1541 1062 1662 1087 esse
1698 1047 1989 1087 essentiam
2026 1061 2106 1087 non
2140 1052 2349 1086 tacemus.

138 1117 280 1171 igitur.
325 1118 527 1172 quoniam
573 1118 634 1158 tui
674 1118 832 1158 amoris
867 1117 1010 1158 studio
1046 1118 1245 1159 inductus
1280 1117 1404 1158 hoino
1438 1116 1592 1158 Gallus
1626 1116 1803 1157 scholae
1838 1116 2102 1172 sophisticae
2138 1114 2347 1155 intromisi

136 1187 384 1230 materiam,
426 1187 493 1228 vel
527 1192 568 1228 te
603 1187 873 1242 potissimum
908 1188 1009 1228 facti
1045 1188 1128 1228 mei
1160 1187 1487 1242 deprecatorem
1524 1186 1708 1241 requiro.
1772 1186 1828 1226 illi
1857 1185 2006 1226 Venus
2040 1185 2105 1224 vel
2143 1186 2346 1224 Amorum

139 1255 439 1296 connnenticia
473 1256 697 1311 pigmenta
729 1257 988 1301 tribuantur,
1022 1258 1087 1298 cui
1124 1256 1312 1298 defuerit
1345 1257 1407 1297 sie
1440 1270 1570 1312 posse
1603 1255 1783 1296 laudari.
1850 1255 1958 1295 vale.

343 1404 686 1447 PRAEFATIO
720 1406 1120 1448 EPITHALAMI!
1160 1406 1428 1448 I'OLEMIO
1467 1406 1538 1447 m*
1571 1404 1941 1447 ARANEOLAE
1976 1403 2154 1444 DlCTl.

836 1499 1034 1558 Pnosrssa
1069 1517 1256 1559 conubio
1291 1516 1382 1558 dics
1415 1520 1626 1567 coruscat,

767 1601 895 1642 quem
930 1585 1085 1628 Clotho
1119 1587 1257 1628 niveis
1291 1586 1480 1641 benigna
1513 1585 1674 1641 pensis.

769 1657 892 1699 albus
926 1671 1054 1713 quem
1087 1658 1200 1714 picei
1234 1657 1409 1713 lapillus
1442 1656 1551 1699 Indi.

767 1741 894 1781 quem
928 1728 1048 1783 pacis
1080 1727 1208 1768 simul
1242 1726 1373 1768 arbor
1405 1730 1449 1767 et
1482 1726 1687 1767 iuventae

709 1806 722 1826 Γ»
769 1800 1082 1852 aeternumque
1115 1797 1259 1838 virens
1292 1796 1405 1837 oliva
1439 1796 1598 1850 signet.

769 1865 850 1916 cia,
886 1864 1098 1921 Calliope,
1132 1864 1298 1906 nitente
1332 1864 1476 1920 palma

769 1933 823 1974 da
855 1933 966 1975 sacri
1000 1934 1141 1975 laticis
1174 1934 1497 1989 loquacitatem,

771 2018 897 2059 quem
930 2003 1040 2045 fodit
1072 2003 1184 2060 pede
1217 2003 1416 2058 Pegasus
1450 2004 1613 2044 volanti

771 2078 956 2129 cognato
989 2073 1187 2115 madidus
1220 2073 1367 2115 iubam
1402 2087 1585 2115 veneno.

697 2154 727 2177 ¹¹³
771 2158 857 2185 non
896 2144 965 2185 hic
1005 2144 1222 2199 impietas,
1262 2158 1342 2185 nec
1384 2143 1495 2184 hanc.
1536 2142 1728 2198 puellam

771 2212 903 2254 donat
934 2213 1146 2254 mortibus
1180 2213 1369 2254 ambitus
1402 2226 1653 2268 procorum:

772 2297 855 2324 non
888 2282 959 2324 hic
992 2281 1205 2323 Oenomai
1238 2285 1419 2323 cruenta
1451 2281 1566 2321 circo

771 2351 891 2393 audit
922 2356 1052 2407 pacta
1084 2351 1242 2407 Pelops
1275 2364 1353 2392 nee
1386 2350 1690 2405 insequentem

771 2423 939 2478 pallens
972 2421 1274 2478 Hippomenes
1308 2420 1363 2461 ad
1395 2420 1483 2460 ima
1516 2423 1658 2460 metae

700 2502 729 2525 1⁷»
774 2491 919 2533 tardat
951 2490 1202 2533 Schoenida
1234 2495 1302 2532 ter
1334 2489 1518 2531 cadente
1551 2503 1700 2544 pomo:

774 2575 858 2602 non
889 2561 960 2602 hic
992 2560 1239 2602 Herculeas
1274 2558 1393 2600 videt
1423 2558 1668 2614 palaestras

775 2631 933 2672 Aetola
966 2629 1163 2686 Calydon
1196 2633 1377 2685 stupens
1410 2629 1464 2670 ab
1498 2641 1611 2673 arceq

776 2715 872 2742 cum
907 2714 1041 2741 cornu
1073 2699 1192 2740 fluvii
1226 2698 1524 2754 superbientis

775 2769 951 2811 Alcides
983 2773 1216 2825 premeret,
1250 2767 1435 2809 subinde
1469 2767 1634 2809 fessum

701 2850 733 2872 ²¹¹
776 2838 942 2880 undoso
975 2839 1176 2880 refovens
1209 2837 1261 2879 ab
1295 2838 1423 2879 hoste
1457 2841 1629 2893 pectus:

777 2907 854 2949 scd
887 2908 1039 2950 doctus
1072 2908 1241 2949 iuvenis
1274 2907 1522 2962 decensque
1557 2906 1692 2961 virgo‚

777 2983 872 3019 ortu
905 2978 1094 3018 culmina
1127 2976 1298 3018 Galliae
1332 2980 1535 3018 tenentes

778 3049 1035 3103 iunguntur:
1071 3048 1169 3092 cito„
1204 3046 1317 3099 diva,
1352 3050 1479 3088 necte
1514 3045 1713 3087 chordas.

289 3199 305 3232 1
333 3199 598 3243 arythimiticam
618 3197 658 3238 P,
685 3198 943 3230 arithimetieam
961 3197 998 3229 Γ
1125 3196 1147 3228 2
1172 3197 1259 3229 sicut
1285 3202 1367 3228 sunt
1392 3201 1425 3228 et
1450 3194 1765 3238 pereg1·ina‹:zclsso;
1791 3194 1880 3225 sieut
1905 3198 1937 3225 et.
1962 3199 2043 3224 sunt
2067 3192 2246 3234 peregrina
2267 3190 2363 3222 codd.

151 3258 172 3291 3
201 3264 259 3291 aut
292 3270 424 3301 semper
449 3257 637 3290 Buecheler
737 3262 797 3288 aut
827 3256 931 3288 nichil
956 3255 996 3295 P,
1030 3261 1067 3287 ut
1098 3255 1202 3287 nichil
1232 3254 1267 3295 U,
1298 3265 1344 3287 au
1370 3254 1417 3285 nil
1444 3253 1481 3285 F
1628 3250 1649 3284 4
1680 3252 1789 3284 laciali
1824 3250 1855 3282 T
1948 3250 2102 3292 linguam
2130 3249 2166 3281 F
2261 3249 2313 3279 hic
2343 3248 2371 3275 Η

151 3314 173 3347 5
197 3327 384 3348 assororem
402 3315 472 3347 PF
606 3313 626 3346 b·
653 3315 914 3357 discrepantiam
933 3313 966 3345 P
1056 3313 1234 3346 sentientis
1260 3312 1498 3345 Wilamowitz:
1531 3311 1716 3343 sentientes
1741 3309 1839 3342 codd.
1936 3319 2056 3340 sereno
2082 3319 2148 3339 non
2174 3307 2316 3348 septimo
2335 3305 2371 3337 F

153 3372 172 3405 7
191 3374 388 3406 samnonico
401 3372 435 3405 P
502 3373 655 3405 censorio
673 3372 770 3405 codd.
895 3371 917 3404 8
934 3369 982 3414 es]
1002 3376 1052 3404 est
1066 3371 1122 3403 Pa
1245 3369 1266 3402 {9
1284 3367 1423 3412 dixisse]
1446 3369 1531 3401 dixit
1549 3380 1622 3402 esse
1637 3368 1674 3400 F
1788 3366 1831 3399 10
1848 3378 1936 3398 nova
1954 3377 2016 3398 om.
2031 3365 2068 3397 F
2133 3365 2321 3406 imponeret
2334 3362 2371 3394 ff

152 3443 181 3463 v.
203 3430 269 3464 Cic.
286 3432 361 3473 fry.
381 3433 424 3463 16
446 3442 480 3472 2).
500 3433 564 3462 145
582 3429 675 3462 Bait.
809 3428 850 3462 13
875 3429 1059 3462 intromissi
1077 3428 1162 3460 PT¹
1301 3426 1343 3459 15
1369 3427 1541 3470 despuerit
1559 3426 1591 3458 P
1671 3426 1747 3458 vale
1773 3436 1835 3457 om.
1855 3424 1952 3457 codd.
2086 3422 2222 3454 Subscr.
2241 3426 2364 3451 alr-(tm.

153 3490 367 3538 EXPI—ACIT
392 3486 634 3530 EPISTOLA,
661 3494 730 3520 tum
755 3500 777 3519 α
802 3488 926 3520 rubrio.
946 3487 1092 3519 Pret'atio
1119 3486 1303 3528 epitalamii
1330 3485 1411 3516 dicti
1435 3484 1586 3516 Polemio
1612 3489 1645 3516 et
1669 3483 1836 3516 Araneole
1862 3482 1896 3513 ιή
1917 3482 1959 3522 0,·
1985 3480 2197 3512 EXPLICIT
2224 3475 2364 3510 EPLA.

155 3547 286 3580 INCH'.
312 3547 583 3578 EPITOLAMII
608 3546 734 3578 DICTI
758 3546 1018 3577 PRAEFATIO
1043 3544 1276 3576 PoLLEMlo
1302 3543 1359 3574 ET
1386 3542 1664 3574 ARANEOLAE
1682 3540 1729 3580 P;
1761 3540 1885 3582 Incipit
1910 3538 2090 3582 epitalamii
2117 3537 2195 3568 dicti
2221 3535 2367 3578 polemio

154 3610 188 3638 et
211 3604 367 3637 araneola
391 3604 562 3647 praefacio
587 3603 636 3642 F,·
665 3604 792 3636 subscr.
817 3615 879 3635 om.
906 3608 993 3645 spat.
1018 3613 1091 3634 ¹nac.
1118 3601 1148 3632 T
1299 3598 1320 3631 2
1352 3600 1446 3632 letho
1475 3599 1507 3630 T
1513 3599 1522 3618 ¹
1681 3597 1702 3630 3
1733 3609 1834 3640 quam
1856 3595 1894 3628 F
2044 3594 2065 3626 ἶ)
2091 3599 2313 3635 veterumque
2335 3592 2374 3624 F

155 3660 177 3694 6
202 3662 258 3694 via
281 3672 309 3693 e.
329 3673 360 3694 n.
384 3661 531 3704 palmam
549 3660 587 3692 F
700 3659 718 3692 7
744 3660 829 3692 sacri
850 3672 914 3692 orn.
931 3659 960 3692 (J
1027 3659 1135 3692 leticis
1160 3658 1371 3691 lecacitatem
1389 3657 1422 3689 1²
1536 3656 1557 3689 9
1583 3668 1671 3688 veno
1689 3655 1727 3687 F
1840 3652 1882 3685 12
1907 3653 1963 3685 hic
1980 3664 2043 3684 om.
2058 3651 2092 3683 P
2159 3651 2252 3683 cirne
2272 3649 2375 3681 PTF

158 3717 200 3751 13
214 3719 302 3752 fudit
311 3718 348 3751 F
463 3717 504 3750 14
519 3729 587 3750 una
598 3718 635 3750 F
700 3723 789 3752 crete
803 3729 850 3751 an
863 3723 951 3752 mete
965 3717 1103 3750 dubium
1123 3716 1154 3749 T
1267 3713 1308 3747 17
1321 3715 1449 3750 aectola
1461 3714 1498 3748 F
1612 3712 1654 3747 18
1669 3713 1751 3745 fluvi
1763 3711 1832 3746 PF
1946 3708 1987 3744 19
2002 3709 2146 3742 alciades
2156 3707 2188 3741 Ι)
2248 3708 2326 3743 fessi
2344 3706 2365 3739 1

296 3801 463 3832 moestus.
2049 3786 2094 3820 30
