2583 4011
710 1088 1269 1185 INCIPIT
1343 1088 1826 1184 DOMNI

449 1262 1006 1360 RURICII
1077 1260 2098 1359 EPISTULARUM

848 1437 1185 1514 LIBER
1237 1436 1691 1514 PRIMUS.

1255 1776 1289 1818 I.

116 1892 130 1916 ⁵
405 1880 642 1922 DOMINO
677 1880 790 1922 SUO
824 1879 1151 1921 PECULIARI
1184 1879 1245 1921 IN
1280 1878 1554 1929 CHRISTO,
1588 1877 1824 1920 DOMINO
1859 1876 2138 1918 PATRONO

826 1949 1063 1992 FAL'STO
1098 1949 1391 1991 EPISOOPO
1425 1947 1724 1990 RURICIUS.

304 2027 429 2089 Omni
458 2052 515 2096 te,
557 2047 728 2090 domine
762 2049 832 2094 mi,
867 2047 1114 2089 venerande
1147 2061 1197 2088 ac
1230 2047 1481 2088 beatissime
1515 2046 1733 2095 sacerdos,
1775 2046 1891 2087 fama
1924 2044 2211 2087 celeberrima
2242 2058 2367 2100 prae-
2422 2048 2435 2084 1

166 2117 360 2169 dicante,
401 2118 604 2173 cognovi;
653 2118 754 2158 olim
793 2116 1009 2158 desiderio
1042 2117 1100 2172 pii
1132 2117 1291 2158 amoris
1331 2116 1494 2167 infuso,
1546 2116 1629 2157 illis
1670 2121 1712 2157 te
1751 2115 1908 2170 quibus
1950 2114 2138 2156 scribere
2180 2112 2373 2168 dignaris

166 2188 303 2228 oeulis
345 2186 486 2228 cordis
529 2187 717 2229 intueor.
765 2185 842 2227 sed
883 2186 1161 2227 nihilominus
1205 2186 1334 2227 etiam
1378 2185 1598 2241 corporeis
1639 2185 1787 2226 videre
1830 2184 2011 2231 festino,
2054 2183 2089 2223 si
2129 2196 2212 2238 quo
2251 2182 2377 2224 modo

97 2267 130 2291 10
165 2257 349 2312 possim,
398 2256 767 2298 intercedentibus
808 2255 951 2308 vobis,
999 2261 1272 2312 peccatorum
1312 2269 1507 2297 meorum
1549 2254 1722 2295 vincula
1760 2254 2051 2309 disrumpere,
2101 2252 2376 2307 acceptisque

168 2326 394 2368 columbae
428 2326 544 2367 illius
577 2326 753 2381 pennis,
793 2339 818 2366 a
849 2330 1083 2367 venantum
1122 2325 1289 2380 laqueis
1329 2325 1501 2366 evolare
1540 2329 1583 2365 et
1620 2323 1842 2365 vobiscum
1881 2323 2049 2379 positus
2088 2322 2131 2362 in
2164 2321 2378 2362 dominica

167 2396 264 2451 lege
298 2396 585 2452 requiescere,
619 2400 665 2436 ut
697 2395 825 2445 sitim,
859 2409 987 2450 quam
1020 2395 1229 2451 opuscula
1259 2399 1406 2436 vestra
1437 2393 1621 2449 legendo
1655 2392 1848 2448 concepi,
1882 2392 1975 2448 ipse
2000 2404 2223 2447 praesens,
2257 2389 2371 2431 undo

168 2465 243 2506 illa
274 2470 504 2506 manarunt
534 2465 711 2506 uberius
744 2465 951 2506 hauriens
982 2464 1320 2519 restinguerem,
1360 2467 1407 2503 ut
1440 2461 1634 2503 caritatis
1667 2460 1929 2517 igniculum,
1970 2474 2098 2515 quem
2140 2459 2182 2500 in
2220 2457 2377 2514 tepidis

169 2534 339 2576 animae
372 2534 624 2576 dormientis
656 2535 816 2576 favillis
845 2534 1112 2575 ferventibus
1136 2558 1225 2574 *n*
1250 2533 1510 2584 suscitastis,
1544 2531 1724 2588 prolatis
1747 2529 1799 2571 de
1824 2529 2045 2571 condensa
2069 2529 2378 2585 scripturarum

100 2613 131 2637 15
169 2603 356 2659 pabulis,
390 2604 520 2645 vivax
552 2604 727 2645 flamma
758 2603 997 2657 roboraret,
1031 2618 1142 2660 quae
1176 2604 1348 2659 eloquio
1382 2603 1519 2644 sancti
1552 2603 1637 2644 oris
1671 2615 1868 2653 accensa,
1909 2615 2028 2642 more
2063 2599 2146 2641 sibi
2179 2598 2304 2640 solito
2336 2598 2379 2638 in

168 2678 345 2729 pectore
387 2675 630 2729 peccatoris
671 2674 758 2715 vim
797 2677 979 2715 naturae
1024 2673 1216 2729 potentis
1257 2676 1486 2714 exsereret
1527 2670 1824 2714 calefaciendo
1865 2668 2042 2725 frigida,
2087 2667 2379 2709 inluminando

169 2743 405 2785 tenebrosa
437 2748 481 2785 et
523 2744 668 2799 spinas
707 2744 931 2785 criminum
972 2741 1277 2785 consumendo.
1340 2741 1606 2793 adhaesit,
1648 2742 1795 2783 doctor
1833 2739 2015 2790 eximie,
2059 2738 2228 2779 anima
2266 2751 2382 2778 mea
2426 2738 2450 2776 2

168 2820 289 2872 post
330 2820 396 2857 te.
464 2830 533 2857 me
577 2820 722 2857 autem
769 2816 975 2857 adiuvent
1015 2815 1236 2857 orationes
1286 2818 1408 2865 tuae,
1455 2818 1502 2854 ut
1540 2812 1724 2868 possim,
1771 2809 1953 2851 terrenis
1997 2806 2165 2849 actibus
2207 2807 2377 2863 spretis,

172 2884 435 2927 caelestibus
468 2884 655 2936 inhiare,
698 2886 799 2941 quia
831 2899 1044 2940 corpus,
1088 2883 1219 2939 quod
1254 2884 1629 2938 corrumpitur,
1671 2882 1925 2936 aggravat
1956 2877 2195 2927 animam,
2240 2881 2286 2917 ut
2318 2876 2382 2917 in-

99 2964 133 2989 ·20
171 2955 334 2996 clinare
382 2969 532 2996 aurem
580 2969 700 2996 sua-m
749 2955 805 2997 ad
851 2954 1027 2995 oracula
1074 2953 1219 2994 divina
1265 2967 1350 2993 non
1396 2952 1554 3008 possit,
1607 2956 1655 2993 ut
1701 2949 1875 2991 domum
1928 2947 2064 3003 patris
2119 2945 2381 2987 obliviscens

169 3024 497 3079 oboediensque
530 3024 725 3065 vocantis
765 3024 945 3079 imperio
985 3022 1037 3064 de
1078 3028 1195 3063 terra
1235 3036 1312 3063 sua
1353 3027 1396 3063 et
1436 3021 1693 3075 cognatione
1733 3018 1925 3060 discedat
1958 3021 2086 3071 atque
2119 3016 2237 3056 illam
2270 3028 2381 3070 quac

171 3094 210 3134 ei
251 3092 574 3134 demonstratur
604 3094 746 3149 potius
791 3092 1082 3148 concupiscat.
1152 3106 1234 3132 non
1277 3091 1391 3132 enim
1434 3090 1575 3131 adhuc
1618 3089 1733 3131 valet
1770 3087 1986 3144 pusillitas
2028 3089 2176 3126 nostra
2217 3088 2379 3125 metum
2427 3084 2449 3122 3

171 3162 389 3204 obnoxiae
423 3161 686 3203 condicionis
718 3162 942 3217 expellere
977 3167 1020 3204 et
1053 3162 1220 3203 caritati
1256 3161 1478 3216 perfectae
1510 3164 1694 3216 purgata
1732 3157 1864 3199 corda
1901 3169 2119 3203 reserare,
2163 3158 2208 3194 ut
2247 3153 2378 3194 relin-

310 3346 351 3380 11
388 3345 445 3381 Ps.
472 3345 563 3387 LIV,
591 3346 620 3380 7.
709 3346 766 3380 Ps.
793 3345 869 3387 XC,
895 3345 1112 3380 317
1140 3346 1195 3380 Ps.
1223 3345 1338 3386 LXII,
1365 3346 1396 3379 9.
1539 3343 1581 3377 19
1613 3342 1696 3387 Sap.
1723 3341 1790 3382 IX,
1818 3341 1870 3374 15.
2012 3339 2058 3373 20
2092 3338 2147 3372 Ps.
2174 3336 2300 3376 XLIV,
2327 3337 2381 3370 11.

171 3404 215 3437 21
244 3403 334 3439 Gen.
361 3403 501 3445 XII‚''1.

309 3508 331 3541 4
364 3508 392 3552 Ι]
423 3510 558 3542 numeri
591 3510 712 3542 desunt
733 3509 763 3541 G
926 3507 944 3540 7
971 3509 1051 3541 olim
1081 3527 1121 3530 —
1153 3506 1174 3540 S
1199 3505 1360 3552 cognoui]
1389 3521 1431 3535 Ξ
1457 3507 1591 3539 Ruricii
1615 3518 1666 3549 ep.
1691 3505 1722 3547 I,
1748 3508 1797 3545 16,
1821 3504 1841 3544 ἕ
1859 3508 1875 3536 1
2038 3500 2059 3534 8
2091 3499 2173 3543 illis]
2200 3511 2215 3532 s
2241 3511 2265 3532 s.
2287 3499 2308 3531 l.
2331 3499 2380 3531 (τ’ι

174 3566 215 3599 11
247 3568 361 3610 pinnis
392 3568 422 3600 Cr'
529 3568 646 3611 positis
675 3567 704 3599 G
863 3566 907 3599 12
938 3564 1023 3610 ipse]
1051 3566 1261 3609 Lz'z'tjoltann‚
1294 3566 1367 3608 ipso
1396 3566 1427 3598 G
1589 3562 1631 3596 13
1656 3558 1918 3605 restinguerem]
1947 3571 1962 3591 s
1987 3570 2059 3601 θη).
2091 3558 2140 3590 G¹
2251 3556 2382 3589 caritati

174 3625 383 3667 signiculum
412 3625 462 3657 G¹
558 3636 661 3667 quam
690 3625 719 3657 G
868 3622 911 3656 14
935 3625 1096 3667 suppleas
1121 3624 1297 3656 scintillis:
1324 3624 1367 3666 cs.
1386 3624 1483 3666 infra
1510 3622 1565 3662 II,
1590 3624 1631 3654 26
1725 3620 1895 3653 condensa
1921 3613 2180 3659 seripturarum]
2207 3615 2246 3655 G,
2270 3615 2314 3657 cf.
2334 3613 2380 3646 Is.

173 3682 218 3723 X,
237 3684 300 3715 34:
325 3684 570 3715 subuertentur
594 3683 767 3715 condensa
791 3683 899 3715 saltus
1034 3682 1076 3714 15
1102 3682 1236 3725 papulis
1257 3681 1286 3713 G
1418 3679 1463 3712 18
1488 3680 1650 3713 orationis
1672 3679 1701 3711 G
1839 3674 1884 3708 20
1908 3680 2019 3707 autem
2046 3685 2107 3706 sua
2130 3672 2193 3712 G¹‚
2218 3683 2305 3704 corr.
2327 3671 2382 3703 G²

172 3738 394 3782 obliuisceus]
421 3740 553 3782 scripsi,
579 3740 706 3772 obliuio
728 3740 757 3771 G
896 3738 937 3771 {21
966 3737 1133 3781 uocantis]
1160 3751 1181 3771 11
1202 3751 1227 3771 s.
1247 3740 1268 3771 I.
1287 3739 1338 3771 G²
1434 3739 1628 3781 cognitione
1657 3738 1686 3768 G

2035 3808 2107 3842 38*
