2583 4011
897 159 1038 194 LIBER
1065 161 1109 200 ΙΙ,
1143 160 1209 195 XV
1235 162 1254 205 ξ
1279 162 1321 195 21
1350 180 1392 186 -
1417 161 1521 197 XVII
1547 164 1567 206 ἓ
1594 164 1623 198 7.
2277 169 2357 208 327

1183 357 1330 399 XVII.

293 460 530 502 DOMINO
565 460 811 501 SUBIAMI,
846 459 1206 507 SEMPERQUF.
1241 460 1577 501 MAGquui
1612 462 1831 503 FRATRI
1868 463 2216 506 'lnxl'ulcx'rlo

928 528 1212 570 ltUfflCwS
1246 528 1589 571 El'lssw‘n‘Us,

296 608 463 668 Exnwr
502 627 673 667 solliciti
711 626 852 667 cordis
891 628 1094 677 affectus,
1138 630 1185 667 ut
1225 627 1504 682 imperitioris
1545 633 1764 683 promatur
1803 630 1976 675 ull'atus,
2018 645 2097 670 nee
2140 632 2358 671 erubescit

100 709 114 730 ⁵
154 697 406 739 rusticitatis
443 696 739 751 opprobrium,
782 695 1014 736 dummodo
1058 696 1238 752 impleat
1270 696 1464 737 caritatis
1498 697 1748 752 imperium,
1790 699 1901 739 sieut
1935 705 2110 739 sanctus
2143 701 2360 754 apostolus

83 1052 115 1076 10

79 1747 113 1771 ‘20

79 2440 113 2465 30

82 3137 115 3161 40

154 766 275 808 dicit:
317 765 552 821 perfecta
590 764 784 805 caritas
824 764 967 805 foras
1009 765 1188 805 mittit
1226 765 1499 811 timorem:
1543 766 1642 821 quia
1675 767 1801 820 longe
1836 768 1988 808 melius
2022 772 2087 807 est
2120 769 2358 823 proximum

154 836 334 891 diligere
369 835 536 876 sincere
569 848 696 890 quam
729 833 982 890 praedicare
1013 835 1219 890 perfecte.
1272 834 1484 890 siquidem
1509 836 1641 876 multo
1666 836 1811 891 plures
1836 836 2113 877 inveniuntur
2136 837 2175 877 in
2202 837 2357 877 mundo

152 903 428 960 eloquentiae
461 903 608 958 lepore
641 902 827 958 praediti
860 917 987 958 quam
1020 903 1263 944 dilectionis
1297 904 1445 956 vigore
1485 904 1688 959 perfecti.
1730 905 1851 960 quia.
1893 905 2006 946 sicut
2045 905 2157 960 quod
2199 905 2355 946 bonum

156 977 224 1014 est
255 986 399 1014 rarum
432 977 513 1020 est,
547 972 608 1013 ita
640 971 822 1013 arduum
855 971 967 1027 quod
1000 977 1242 1015 aeternum.
1293 973 1495 1029 proclivis
1530 988 1716 1029 namque
1750 974 1873 1015 iuxta
1904 974 2066 1015 domini
2101 976 2359 1015 seutentiam

152 1047 194 1083 et
226 1043 327 1083 trita
359 1042 430 1083 via
462 1046 530 1084 est
563 1056 673 1097 quae
706 1042 967 1098 praecipitat
999 1042 1042 1082 in
1074 1042 1344 1096 gehennam:
1385 1043 1517 1084 artior
1550 1058 1651 1084 vero
1684 1047 1726 1084 et
1759 1043 1976 1084 diffieilior
2008 1058 2117 1099 quae
2159 1045 2363 1085 sublimat

149 1110 203 1153 ad
224 1111 420 1167 gloriam,
453 1125 537 1166 qua
559 1111 668 1153 enisi
691 1111 791 1166 quia
814 1136 918 1158 um,
953 1111 1027 1152 illa
1050 1112 1170 1152 multi
1193 1111 1462 1166 gradiuntur,
1497 1112 1576 1153 hac
1600 1113 1738 1168 pauci.
1792 1118 1834 1153 et
1858 1112 1967 1163 ideo,
2002 1114 2251 1155 imminente
2277 1114 2359 1154 iam

152 1181 395 1236 praesentis
428 1180 523 1222 aevi
556 1180 740 1222 termino
773 1185 816 1222 et
846 1180 955 1221 senii
980 1179 1047 1221 die
1071 1195 1385 1236 usquequaque
1409 1181 1565 1232 vicino,
1599 1182 1711 1223 sicut
1733 1197 1812 1223 nos
1837 1183 1965 1223 etiam
1991 1182 2118 1223 docet
2143 1183 2361 1223 (eaesaries

150 1250 352 1301 detonsa,
385 1250 453 1291 vel
487 1250 710 1298 convenit,
751 1264 804 1291 ne
837 1249 880 1290 in
913 1249 1134 1290 veteribus
1168 1250 1293 1290 annis
1326 1250 1546 1291 iuvenalia
1578 1251 1693 1293 facta
1725 1251 1987 1293 meditemur
2018 1256 2148 1307 atque
2182 1252 2223 1292 in
2257 1267 2359 1292 con-

151 1319 265 1361 fecto
298 1333 479 1376 corpore
512 1324 557 1361 et
589 1319 718 1362 corde
753 1319 976 1375 decrepito
1009 1318 1338 1361 adulescentiae
1371 1324 1527 1375 regnet
1558 1320 1734 1376 cupido,
1777 1321 1830 1361 de
1873 1336 1957 1376 qua
1990 1320 2132 1362 iudicii
2167 1326 2361 1376 tempore

100 1405 112 1419 τ
148 1389 191 1429 ἰη
233 1389 306 1430 illo
346 1388 570 1431 tremendo
612 1393 817 1431 aeternae
863 1387 1204 1444 dispensationis
1247 1390 1465 1441 examine,
1516 1389 1706 1445 (quando
1754 1391 1827 1431 ille
1876 1391 2066 1431 omnium
2113 1391 2358 1431 mortalium

149 1458 274 1500 testis
324 1462 367 1500 et
412 1458 544 1500 iudex
594 1473 679 1500 non
731 1460 870 1500 solum
917 1458 1073 1499 merita
1121 1457 1440 1514 ponderaturus
1488 1463 1532 1499 et
1576 1459 1709 1511 faeta,
1755 1473 1906 1500 verum
1955 1460 2085 1501 etiam
2123 1460 2255 1501 verba
2297 1465 2362 1501 est

152 1527 431 1569 discussurus
473 1532 517 1569 et
556 1532 678 1580 vota,
720 1529 842 1569 iuxta
882 1528 1239 1584 pollicitationem
1284 1542 1406 1569 suam
1448 1529 1545 1569 aliis
1587 1528 1640 1570 de
1683 1543 1820 1584 aquae
1863 1529 2046 1583 frigidae
2091 1530 2361 1585 praebitione

151 1597 328 1639 daturus
363 1603 429 1639 est
460 1598 721 1654 praemium,
755 1598 850 1639 aliis
884 1597 936 1639 de
971 1597 1099 1639 otiosi
1132 1597 1251 1638 verbi
1284 1597 1462 1639 levitate
1496 1597 1797 1654 supplicium),
1841 1614 1936 1640 reos
1969 1613 2045 1639 nos
2078 1599 2161 1640 etsi
2193 1614 2274 1640 non
2308 1599 2361 1640 de

151 1667 393 1723 perpetrati
425 1667 631 1709 facinoris
665 1667 900 1723 voluptate.
935 1668 1080 1709 saltim
1112 1667 1165 1710 de
1200 1668 1584 1724 concupiscentiae
1607 1669 1828 1711 voluntate
1863 1670 2116 1712 constituat:
2148 1670 2248 1725 quia
2280 1670 2362 1725 qui

150 1737 353 1779 viderit
383 1737 663 1779 mulierem
695 1737 759 1779 ad
791 1737 1296 1794 concupiscendum,
1340 1739 1444 1779 iam
1482 1739 1800 1780 moechatus
1842 1744 1927 1780 est
1967 1740 2164 1780 camin
2197 1739 2359 1780 corde

149 1820 257 1848 suo.
318 1807 431 1862 quod
463 1810 506 1849 et
538 1807 591 1849 de
625 1806 754 1848 rebus
786 1807 986 1848 omnibus
1027 1808 1122 1848 aliis
1161 1807 1358 1849 similiter
1397 1808 1631 1850 observare
1673 1823 1751 1849 nos
1792 1809 2012 1852 convenit.
2054 1813 2102 1849 ut
2133 1809 2224 1849 sine
2257 1809 2356 1849 ullis

148 1877 426 1932 appetentiae
459 1877 653 1934 partibus
686 1877 912 1919 imbecillis
945 1877 1071 1918 huius
1106 1878 1319 1933 corporis,
1364 1878 1600 1934 amputatis
1633 1878 1794 1919 talibus
1834 1878 2058 1927 membris,
2100 1878 2160 1919 sic
2193 1878 2360 1920 debiles

148 1951 192 1987 et
223 1950 370 1988 tamen
404 1946 562 2002 integri
594 1946 734 2002 potius
767 1947 1033 1988 introeamus
1067 1946 1110 1987 in
1141 1961 1337 2002 regnum,
1370 1962 1499 2002 quam
1524 1948 1632 1989 salvi
1657 1951 1868 1989 ettamen
1891 1947 2049 2003 perditi
2071 1947 2112 1987 in
2137 1952 2361 1989 aeternum

150 2016 409 2072 proieiamur
452 2016 712 2058 incendium.
782 2017 848 2058 his
889 2016 1087 2058 omnibus
1133 2017 1367 2059 salubriter
1414 2017 1689 2073 pertractatis
1737 2021 1780 2058 et
1826 2017 1905 2058 rite
1952 2017 2213 2072 perspectis,
2261 2016 2359 2057 dum

80 2094 103 2118 Ε’-
151 2085 401 2126 tribuuntur
433 2086 648 2138 indutiae,
691 2086 958 2128 declinemus
991 2101 1017 2127 a
1047 2086 1161 2127 malo
1194 2090 1238 2128 et
1269 2086 1432 2128 bonum
1465 2086 1738 2127 incessanter
1771 2100 2015 2141 operemur,
2056 2085 2363 2126 obliviscamur

146 2155 396 2210 praeterita,
431 2159 760 2197 contemnamus
784 2156 1045 2212 praesentia,
1078 2156 1224 2197 futura
1246 2156 1484 2211 cupiamus,
1516 2155 1827 2197 obliviscamur
1850 2155 1892 2196 in
1915 2155 2054 2206 factis,
2089 2154 2362 2196 recordemur

149 2224 193 2265 in
226 2224 525 2277 conscientiis,
565 2229 612 2266 ut
644 2240 771 2267 omne
803 2230 1033 2282 peccatum
1064 2226 1188 2267 nobis
1221 2226 1431 2267 moriatur
1461 2226 1504 2266 in
1538 2226 1646 2274 vita,
1686 2225 1802 2266 vivat
1835 2225 1878 2265 in
1916 2224 2203 2281 paenitentia:
2248 2239 2361 2266 nunc

150 2293 418 2336 seminemus
460 2294 504 2335 in
546 2294 670 2346 fletu,
715 2294 830 2350 quod
868 2295 1146 2350 postmodum
1187 2299 1400 2337 metamus
1444 2295 1487 2336 in
1520 2294 1703 2350 gaudio;
1748 2295 1848 2350 quia
1879 2298 2052 2350 tempus
2084 2294 2212 2335 huius
2246 2294 2359 2335 vitae

149 2366 322 2419 tempus
356 2367 421 2405 est
452 2364 616 2419 operis,
658 2364 748 2405 dies
781 2378 884 2406 vero
919 2365 1218 2406 retributionis
1252 2369 1422 2421 tempus
1456 2369 1522 2405 est
1555 2364 1731 2417 messis,
1777 2363 1947 2420 quando
1993 2364 2083 2404 sine
2116 2363 2246 2404 dubio
2279 2364 2360 2404 hoe

150 2433 383 2489 unicuique
430 2433 659 2490 apparebit
705 2434 749 2474 in
795 2435 1011 2489 germine,
1062 2434 1178 2489 quod
1224 2449 1338 2476 nunc
1387 2434 1550 2490 spargit
1597 2434 1639 2474 in
1683 2434 1862 2475 semine.
1933 2433 2044 2474 sicut
2086 2433 2146 2474 ait
2187 2432 2361 2488 quidam

151 2506 418 2544 sanctorum:
460 2503 828 2559 respondebit
858 2504 989 2545 mihi
1022 2519 1134 2546 cras
1168 2504 1384 2546 iustitia
1415 2518 1541 2553 mea,
1575 2518 1690 2545 cras
1714 2504 1862 2559 utique
1886 2503 2001 2545 diem
2024 2503 2355 2544 resurrectionis

152 2572 394 2628 appellans.
457 2573 567 2615 haec
611 2588 711 2626 neS,
754 2573 890 2615 frater
928 2573 1109 2630 optime,
1148 2588 1234 2615 non
1274 2574 1513 2630 pontificali
1551 2574 1813 2615 auctoritate
1855 2572 1932 2614 sed
1970 2572 2162 2614 fraterna
2199 2573 2359 2628 pietate

150 2641 337 2684 fidenter
366 2643 558 2685 scribere
596 2643 871 2684 unanimitati
902 2646 1094 2695 vestrae,
1135 2643 1318 2685 caritate
1359 2643 1572 2695 dictante,
1613 2642 2008 2699 praesumpsimus,
2050 2641 2204 2697 quibus
2238 2642 2361 2683 vobis

150 2712 220 2753 vel
263 2712 378 2753 circa
416 2727 493 2754 vos
535 2727 622 2754 non
661 2712 887 2754 dictatoris
928 2713 1152 2768 ingenium
1197 2712 1275 2755 sed
1320 2713 1518 2768 germani
1559 2713 1845 2769 probaremus
1888 2711 2108 2755 affectum.
2176 2712 2361 2752 salutem

101 2797 113 2811 τ
150 2780 297 2836 itaque
336 2781 506 2834 dicens,
544 2796 670 2837 rogo,
715 2782 826 2823 sicut
864 2783 1119 2838 promittere
1152 2781 1319 2837 dignati
1351 2782 1477 2834 estis,
1520 2783 1676 2824 librum
1708 2781 1836 2823 nobis
1870 2781 2008 2822 sancti
2038 2780 2274 2836 Augustini
2306 2781 2359 2822 de

151 2851 326 2893 civitate
369 2852 438 2894 dei
477 2867 555 2908 per
594 2852 850 2908 portitorem
896 2852 1050 2894 harum
1098 2853 1191 2894 sine
1240 2852 1449 2894 dilatione
1499 2852 1699 2904 mittatis,
1750 2851 1872 2893 cuius
1912 2850 2012 2891 dum
2053 2865 2130 2891 nos
2173 2851 2360 2892 lectione

153 2920 394 2963 aedificatis
426 2921 470 2962 in
502 2922 649 2973 terris,
689 2921 811 2963 vobis
843 2921 1039 2963 eiusdem
1071 2922 1258 2963 civitatis
1291 2922 1544 2964 habitacula
1575 2921 1847 2978 praeparetis
1880 2921 1921 2961 in
1954 2920 2103 2972 caelis,
2146 2919 2201 2960 ad
2232 2934 2359 2974 quam

150 2994 297 3032 tamen
320 2991 447 3032 aliter
467 2991 696 3047 pervenire
719 3005 803 3032 non
825 3005 1072 3046 possumuS,
1104 2991 1189 3032 nisi
1211 2992 1405 3033 caritatis
1427 2991 1636 3046 gradibus
1661 2989 2020 3036 conscendamus:
2054 2989 2155 3044 quia
2176 2989 2271 3044 ipsa
2293 2994 2360 3030 est

152 3060 413 3101 eminentior
432 3060 516 3113 via,
550 3074 660 3115 quae
690 3074 768 3102 nos
797 3065 840 3102 et
869 3061 912 3101 in
941 3060 1022 3102 hac
1051 3060 1218 3116 positos
1241 3085 1324 3101 *Μ*
1351 3061 1487 3102 sociat
1520 3059 1602 3102 deo
1633 3063 1678 3102 et
1705 3059 1904 3115 deposita
1925 3058 2121 3114 perducit
2142 3057 2196 3099 ad
2219 3057 2360 3100 deum.

153 3129 206 3171 de
239 3143 323 3184 qua
355 3130 487 3171 etiam
519 3130 732 3186 propheta
764 3134 968 3172 testatur:
1008 3129 1351 3172 ambulabant
1382 3129 1444 3172 de
1478 3130 1673 3171 virtute
1706 3129 1757 3170 in
1790 3128 2059 3176 virtutem;
2091 3126 2360 3168 videbitur

290 3290 311 3324 6
338 3291 364 3325 Ι.
385 3291 512 3325 Ioann.
531 3291 593 3334 IV,
613 3291 667 3325 18.
756 3291 776 3324 9
801 3290 936 3325 Matth.
954 3290 1035 3331 VII,
1054 3291 1107 3325 13.
1126 3290 1180 3324 14.
1268 3290 1310 3324 17
1339 3289 1473 3324 Matth.
1488 3289 1531 3331 X,
1549 3289 1606 3323 42.
1689 3290 1732 3323 18
1756 3288 1892 3323 Matth.
1910 3288 1990 3325 XII.
2007 3289 2062 3323 36.
2159 3289 2200 3321 15)
2226 3288 2360 3322 Matth.

151 3346 195 3388 V,
212 3347 267 3382 28.
341 3349 387 3383 25
404 3348 484 3383 Gal.
498 3348 560 3390 VI,
575 3348 630 3384 10.
710 3348 755 3383 28
773 3348 830 3382 ΡΞ.
849 3348 991 3390 CXXV,
1009 3349 1040 3383 5.
1120 3349 1162 3383 31
1182 3348 1272 3383 Gen.
1290 3347 1404 3388 XXX,
1422 3348 1477 3382 33.
1550 3348 1594 3381 39
1611 3348 1637 3382 Ι.
1653 3347 1732 3382 Cor.
1751 3346 1829 3388 XII,
1844 3346 1900 3380 30.
1970 3346 2018 3380 40
2034 3346 2092 3380 Ps.
2111 3345 2309 3387 LXXXIII,
2328 3348 2360 3379 8.

289 3440 312 3474 2
335 3443 526 3476 Taureneio
545 3440 602 3475 G:
631 3442 664 3474 T
659 3443 836 3475 amentius
860 3454 912 3485 ep.
935 3442 1042 3484 VIII,
1067 3454 1175 3485 supra
1193 3454 1232 3484 p.
1250 3444 1328 3482 5272,
1351 3441 1400 3474 (td
1416 3441 1594 3474 Ruricium
1611 3441 1750 3474 miserat
1866 3439 1887 3473 6
1912 3452 1947 3473 es
1967 3438 2000 3472 G
2117 3437 2136 3471 7
2161 3440 2311 3472 sincerae
2327 3437 2360 3471 G

153 3501 321 3543 perfectae
348 3497 382 3533 G
528 3498 549 3532 9
574 3512 641 3543 quo
669 3498 702 3532 G
851 3500 891 3533 11
919 3513 986 3543 qua
1010 3499 1110 3543 enisi]
1137 3500 1338 3541 fllommsen,
1372 3511 1458 3542 quae
1484 3499 1550 3531 nisi
1574 3496 1618 3540 G,
1649 3510 1735 3541 quae
1759 3510 1863 3531 causa
1888 3498 1953 3530 nisi
1980 3497 2136 3529 Ccmisius
2229 3497 2302 3529 ulla
2327 3494 2360 3529 G

152 3558 309 3591 laborant
331 3559 444 3601 suppl.
468 3558 658 3591 Mommsen
805 3557 848 3590 1‘2
873 3559 965 3606 Qui,
991 3571 1061 3590 ras.
1080 3570 1095 3591 s
1115 3556 1148 3591 G
1298 3557 1341 3591 13
1366 3558 1423 3590 uel
1448 3558 1608 3590 detonsae
1633 3557 1718 3589 com'.
1744 3557 1935 3589 Illommsen
2083 3553 2125 3586 15
2149 3555 2299 3587 mortalis
2327 3552 2360 3587 G

154 3614 198 3648 18
222 3616 334 3649 ocioso
353 3615 471 3657 (ociosi
490 3613 562 3658 G2)
581 3617 687 3650 uerbo
707 3614 741 3649 G
882 3616 925 3649 19
950 3617 1153 3660 perpetratis
1173 3613 1206 3648 G
1220 3616 1229 3634 ¹
1362 3614 1406 3648 21
1424 3613 1595 3657 omnibus]
1631 3615 1667 3646 in
1685 3615 1791 3646 litura
1810 3611 1843 3645 G
1856 3613 1867 3632 ¹
1961 3612 2018 3644 alii
2041 3609 2073 3643 G
2166 3612 2239 3644 sine
2263 3611 2356 3655 ullis]

154 3673 355 3715 Mommsen,
372 3674 518 3717 singulis
534 3671 568 3706 G
683 3672 729 3706 23
746 3673 794 3717 et]
812 3678 851 3707 ut
866 3672 900 3707 G
962 3675 1059 3717 quasi
1076 3671 1109 3706 G
1225 3672 1270 3706 32
1286 3674 1351 3706 hae
1367 3670 1400 3705 G
1462 3673 1609 3716 optimae
1625 3670 1658 3703 G
1762 3669 1807 3703 34
1831 3670 1941 3703 salute
1960 3667 1993 3701 G
2098 3667 2142 3701 35
2167 3667 2358 3712 augustini]

155 3732 199 3778 cs.
214 3743 321 3774 supra
330 3743 370 3774 p.
383 3733 458 3775 272,
475 3731 498 3764 l.
511 3733 554 3765 33
659 3730 704 3765 39
729 3732 917 3767 eminenter
931 3732 972 3774 G,
988 3733 1033 3774 cf.
1050 3732 1149 3774 infra
1159 3743 1198 3775 p.
1212 3733 1287 3774 334,
1305 3731 1326 3766 l.
1340 3732 1384 3764 34
1445 3728 1584 3776 positos]
1600 3741 1698 3762 versu,
1716 3734 1854 3763 eoeeuute
1870 3725 1922 3761 G:
1942 3728 2014 3761 uita
2031 3727 2141 3771 suppl.
2161 3726 2360 3769 Lz'irjolzsmn

2403 841 2426 877 Ιῦ

2406 1117 2429 1152 :3

2406 2020 2429 2055 ἴ)

2405 2576 2429 2611 (i
