2583 4011
1014 200 1152 235 LIBER
1182 201 1224 244 v,
1250 203 1345 245 852
1372 223 1412 228 -
1442 206 1565 246 11ξ1.
2338 213 2391 251 85

1264 372 1318 413 X.

747 463 1030 506 SIDONIUS
1066 464 1350 506 SAPM'DO
1385 465 1499 506 SUO
1534 466 1831 509 SALVTEM.

329 542 387 604 Si
428 564 528 618 quid
573 563 746 604 omnino
777 563 1055 617 Pragmatius
1093 564 1294 608 illustris,
1340 563 1418 603 hoc
1461 564 1572 604 inter
1614 565 1804 619 reliquas
1845 567 1975 607 animi
2017 569 2192 609 virtutes
2232 572 2392 625 optime

182 633 308 678 facit,
350 632 464 688 quod
503 647 651 674 amore
692 632 932 674 studiorum
973 638 1015 673 tc
1055 633 1337 687 singulariter
1369 639 1508 677 amat,
1553 634 1592 673 in
1628 648 1711 688 quo
1745 634 1835 673 solo
1869 636 1934 675 vel
1970 650 2171 677 maxume
2205 640 2390 679 animum

185 702 369 743 advertit
409 702 568 743 veteris
612 703 797 758 peritiae
840 701 1181 756 diligentiaeque
1227 701 1445 743 resedisse
1491 703 1690 755 vestigia.
1758 703 1959 757 equidem
2003 719 2083 745 non
2125 707 2273 746 iniuria
2320 707 2392 747 tibi

129 780 142 803 f·
181 772 324 812 fautor
356 776 444 821 est:
484 785 582 812 nam
627 771 812 813 debetur
849 770 902 812 ab
945 785 995 812 eo
1036 771 1312 827 percopiosus
1356 772 1511 812 litteris
1553 771 1701 812 honor.
1766 772 1877 813 hunc
1911 774 2008 814 olim
2045 783 2317 828 lun-orantem
2352 783 2390 816 et

184 841 402 882 rhetorica
433 839 588 882 sedilia
620 840 840 896 plausibili
873 841 1066 881 oratione
1099 840 1377 895 frangentem
1413 854 1538 881 socer
1570 841 1778 895 eloquens
1813 843 1922 882 ultro
1955 843 1993 883 in
2028 843 2230 884 familiam
2265 846 2394 899 patri-

184 911 294 951 ciam
327 909 528 956 adscivit,
570 909 674 950 licet
717 909 777 950 illi
812 909 866 950 ad
899 909 1002 960 hoc,
1037 913 1082 949 ut
1114 910 1266 950 sileam
1300 908 1354 950 de
1388 923 1550 964 genere
1587 910 1653 950 vel
1687 924 1839 953 censu.
1871 916 1993 951 aetas
2027 918 2231 953 venustas
2264 913 2397 967 pudor

185 979 576 1036 patrocinarentur.
647 978 745 1026 sed,
787 985 833 1019 ut
867 979 1081 1034 comperi,
1125 978 1413 1019 erubescebat
1454 979 1536 1019 iam
1585 984 1687 1019 tune
1731 979 1792 1020 vir
1831 981 1967 1022 serius
2011 988 2053 1022 ct
2093 982 2255 1022 formae
2297 982 2396 1022 dote

183 1048 411 1105 placuisse,
445 1049 604 1104 quippe
638 1049 705 1089 cui
739 1049 891 1089 merito
920 1048 1083 1103 ingenii
1108 1049 1355 1089 suffecisset
1378 1048 1585 1090 adamari.
1629 1055 1671 1089 et
1696 1064 1796 1090 vero
1819 1050 2006 1105 optimus
2029 1051 2208 1105 quisque
2232 1066 2396 1091 morum

115 1129 146 1153 1⁰
183 1118 480 1174 praestantius
519 1118 840 1173 pulchritudine
884 1118 1049 1173 placet:
1090 1132 1217 1172 porro
1258 1123 1404 1159 autem
1446 1120 1816 1174 praetervolantia
1859 1121 2051 1175 eorporis
2093 1120 2394 1161 (leem-amenta

186 1186 399 1228 currentis
432 1187 527 1227 aevi
560 1187 757 1242 profectu
791 1185 1052 1241 defectuque
1087 1186 1326 1229 labascunt.
1399 1187 1510 1228 hunc
1552 1202 1722 1243 quoque
1763 1195 1966 1230 manente
1998 1191 2212 1230 sententia
2247 1190 2398 1230 Galliis

182 1260 277 1311 post
309 1256 557 1311 praefectus
579 1255 754 1296 Priscus
777 1255 1041 1297 Valerianus
1074 1256 1268 1296 consiliis
1301 1256 1388 1297 suis
1421 1256 1796 1312 tribunalibusque
1829 1259 2019 1300 sociavit.
2053 1259 2252 1300 iudi‹·ium
2286 1260 2395 1300 anti-

184 1338 313 1380 quum
346 1325 782 1380 perseverantissime
816 1329 986 1367 tenens.
1020 1330 1067 1365 ut
1100 1326 1167 1366 cui
1202 1326 1412 1367 scientiae
1446 1326 1623 1367 obtentu
1659 1327 1857 1368 iunxerat
1886 1328 2093 1371 subolem.
2127 1330 2323 1383 iungeret
2356 1333 2398 1369 et

186 1393 459 1450 dignitatem.
523 1399 598 1435 tua
630 1408 732 1435 vero
764 1399 851 1434 tam
886 1394 1025 1437 clara..
1067 1398 1154 1434 tam
1189 1394 1439 1450 spectabilis
1473 1395 1603 1435 dictio
1637 1401 1724 1439 est,
1766 1403 1812 1437 ut
1850 1398 1907 1438 illi
1941 1398 2091 1439 divisio
2124 1398 2398 1439 Palaemonis

114 1473 144 1496 1³»
183 1465 374 1519 gravitas
407 1464 644 1517 Gallionis,
688 1464 955 1505 abundantia
986 1463 1210 1519 Delphidii
1244 1465 1451 1519 Agroecii
1486 1465 1733 1521 disciplina„
1766 1467 1972 1507 fortitudo
2006 1467 2159 1507 Alcimi
2193 1467 2394 1523 Adelphii

182 1533 442 1580 teneritudo,
475 1535 590 1589 rigor
612 1533 759 1588 Magni
792 1533 974 1575 dulcedo
997 1533 1179 1575 Victorii
1210 1549 1291 1575 non
1328 1534 1453 1575 modo
1487 1549 1571 1576 non
1605 1536 1829 1591 superiora,
1861 1535 1935 1576 sed
1961 1537 2031 1576 vix
2056 1537 2396 1592 aequiperabilia

184 1602 386 1645 scribant.
450 1618 554 1645 sane
586 1617 640 1644 ne
673 1603 824 1645 videar
854 1603 930 1644 tibi
975 1603 1054 1644 sub
1096 1604 1176 1644 hoc
1210 1605 1331 1659 quasi
1374 1604 1658 1660 hyperbolico
1698 1605 1917 1646 rhetorum
1951 1606 2147 1659 catalogo
2180 1605 2399 1646 blanditus

186 1672 408 1727 quippiam
441 1673 811 1729 gratificatusqutu
844 1673 979 1713 solam
1013 1672 1089 1713 tibi
1131 1674 1409 1714 acrimoniam
1445 1674 1701 1721 Quintiliani
1735 1688 2026 1729 pompamque
2058 1674 2242 1714 Palladii
2283 1689 2399 1714 com-

184 1741 322 1796 parari
366 1755 451 1782 non
492 1742 636 1783 ambio
675 1742 751 1783 sed
791 1743 934 1798 potius
985 1741 1231 1797 adquiesco.
1312 1748 1578 1799 quapropter
1619 1743 1653 1783 si
1699 1744 1793 1797 quis
1833 1749 1931 1798 post
1972 1758 2047 1783 vos
2091 1743 2244 1784 Latiae
2284 1744 2399 1783 favet

113 1821 146 1842 2⁴>
184 1809 435 1860 eruditioni,
483 1810 584 1851 huic
631 1812 847 1852 amicitiae
898 1812 1059 1866 gratias
1100 1813 1189 1866 agit
1231 1816 1274 1852 et
1312 1812 1530 1853 sodalitati
1572 1817 1766 1856 vestrae,
1812 1814 1845 1853 si
1888 1813 1988 1868 quid
2033 1813 2218 1854 hominis
2257 1812 2399 1853 habet.

183 1880 336 1920 tertius
370 1884 492 1935 optat
523 1879 733 1923 adhiberi.
796 1895 1076 1936 quamquam.
1119 1881 1231 1936 quod
1264 1888 1330 1921 est
1363 1883 1558 1935 gravius.
1600 1897 1684 1922 non
1719 1883 1774 1923 sit
1805 1883 1910 1923 satis
1944 1883 2130 1923 ambitus
2162 1883 2244 1923 iste
2277 1882 2398 1923 fasti-

181 1948 299 1989 dium
334 1948 456 1989 vobis
490 1950 777 1997 excitaturus,
811 1951 911 2005 quia
943 1950 1069 2006 pauci
1104 1950 1245 1991 studia
1281 1965 1393 1991 nunc
1427 1951 1653 1994 honorant.
1687 1952 1812 1992 simul
1847 1958 1889 1992 et
1922 1953 2105 1993 naturali
2131 1952 2232 1992 vitio
2267 1952 2398 1991 fixum

183 2022 250 2058 est
282 2017 609 2073 radicatumque
644 2020 890 2075 pectoribus
925 2019 1145 2060 humanis.
1190 2024 1236 2059 ut
1268 2021 1339 2074 qui
1373 2035 1458 2061 non
1495 2021 1754 2074 intellegunt
1787 2026 1903 2063 artes
1938 2036 2021 2063 non
2055 2022 2262 2062 mirentur
2295 2021 2397 2061 arti-

185 2086 304 2128 fices.
367 2088 477 2129 vale.

1250 2204 1331 2247 XI.

116 2303 147 2327 ²5
722 2295 1005 2337 SIDONIUS
1039 2296 1387 2338 POTENTINO
1423 2296 1536 2338 SUO
1572 2297 1867 2338 SALUTEM.

329 2373 533 2435 MULTUM
566 2397 608 2435 te
642 2408 851 2437 amamus:
886 2400 929 2436 et
961 2394 1136 2449 quidem
1169 2395 1348 2436 huiusce
1381 2396 1624 2437 dilectionis
1657 2411 1743 2437 non
1777 2400 1843 2436 est
1873 2409 2076 2436 erroneus
2099 2399 2172 2436 aut
2195 2394 2398 2435 fortuitus

181 2461 376 2503 affectus.
439 2477 626 2518 namque
657 2468 704 2505 ut
736 2463 897 2505 sodalis
929 2464 1006 2505 tibi
1037 2464 1276 2505 devinctior
1320 2466 1486 2507 fierem.
1535 2465 1734 2506 iudicavi.
1812 2469 1876 2505 est
1918 2465 2032 2505 enim
2075 2464 2399 2505 consuetudinis

327 2612 344 2645 1
371 2613 581 2647 SIDONIVS
618 2614 662 2658 (V
693 2627 781 2648 corr.
815 2627 855 2647 em
887 2617 917 2648 A
945 2616 1008 2659 6¹¹)
1038 2617 1082 2658 C,
1120 2616 1193 2661 syd
1219 2617 1257 2651 F
1443 2615 1465 2649 2
1502 2617 1589 2650 bene
1613 2618 1680 2659 less.
1708 2621 1786 2658 pos!
1819 2617 1955 2648 omnino
1991 2627 2016 2648 s.
2049 2617 2071 2648 l.
2103 2616 2139 2647 ἱππ,
2172 2614 2307 2655 P¹M¹,
2326 2619 2403 2657 post

184 2691 328 2726 illustris
352 2695 385 2726 ἐπ
416 2694 446 2726 C
512 2695 667 2743 inlustris
694 2695 723 2727 Ο
848 2695 869 2728 3
894 2699 1043 2730 maximo
1075 2697 1170 2730 TOF
1240 2699 1357 2730 animt‘l
1382 2698 1492 2730 adi-itit
1523 2697 1559 2737 T,
1584 2696 1599 2729 l
1624 2696 1863 2730 animadvertit
1888 2708 1913 2729 s.
1941 2697 1962 2728 l.
1989 2696 2071 2729 add.
2105 2695 2152 2727 T²
2277 2694 2298 2727 4
2325 2695 2403 2727 resi-

514 2747 525 2764 1
1247 2749 1486 2755 .........

184 2772 273 2805 disse
298 2770 333 2805 L
427 2775 539 2808 iniura
564 2775 618 2808 F¹
715 2776 900 2809 iniuriatur
925 2778 1036 2810 fautor
1065 2778 1094 2809 C
1254 2778 1276 2810 ἴ)
1302 2780 1434 2811 fauctor
1459 2780 1492 2820 (c
1516 2789 1604 2810 eras.
1630 2778 1710 2818 M2)
1736 2777 1813 2810 LM
1972 2777 1993 2809 ⁴3
2019 2777 2183 2844 rethswilea
2202 2775 2279 2808 LM
2284 2772 2331 2807 T(
2333 2773 2408 2807 'FP

187 2850 206 2884 7
232 2854 353 2887 ascivit
366 2854 506 2888 MCFP
597 2862 636 2889 ut
659 2868 689 2889 8.
715 2858 737 2890 l.
762 2857 846 2889 add.
861 2856 911 2889 P¹
1008 2869 1133 2901 genere
1158 2858 1195 2890 in
1219 2870 1289 2890 rrae.
1316 2858 1367 2890 P¹
1464 2863 1626 2891 venustas
1649 2864 1741 2890 aetas
1769 2858 1797 2889 (ζ’
1933 2856 1955 2889 8
1979 2828 2157 2890 erubescenti
2183 2855 2220 2888 F
2227 2857 2239 2875 ²
2329 2859 2406 2897 1³02!

187 2934 254 2966 iam
280 2935 342 2976 leq.
367 2936 471 2968 etiam
494 2936 530 2968 in
556 2936 733 2969 LMTFP
847 2935 868 2969 9
893 2938 1061 2970 adamar&
1088 2939 1131 2977 l&
1156 2944 1194 2970 vt
1217 2950 1247 2970 υ.
1273 2939 1355 2971 add.
1375 2937 1446 2980 L2)
1473 2936 1506 2970 L
1579 2950 1657 2971 vere
1686 2938 1729 2970 Μ
1735 2938 1766 2969 Τ
1765 2938 1859 2971 C'FP
1926 2938 2074 2971 obtimus
2093 2935 2138 2979 L,
2162 2942 2322 2980 optumus
2335 2934 2408 2967 MP

188 3012 232 3045 10
256 3017 469 3059 prestancius
496 3017 526 3050 C'
639 3018 868 3060 pulcritudine
898 3017 992 3050 OFP
1157 3018 1195 3051 11
1224 3019 1397 3052 sentencia
1427 3019 1456 3051 C'
1569 3019 1650 3062 gall’
1684 3018 1716 3049 T
1882 3017 1925 3051 12
1950 3024 2024 3062 post
2048 3019 2217 3061 prefectus
2241 3016 2353 3060 galliis
2380 3015 2409 3045 0

188 3084 208 3129 Ε
231 3098 310 3130 filiis
341 3097 374 3129 T
484 3098 555 3131 suis
580 3109 607 3131 8.
633 3099 655 3131 l.
682 3098 764 3131 add.
790 3097 841 3130 P¹
962 3071 1244 3132 tribunalibusque
1266 3099 1322 3131 F2
1417 3099 1554 3132 sotiavit
1580 3098 1617 3130 F
1707 3100 1863 3132 iuditium
1889 3099 1954 3131 LO
2120 3094 2162 3129 13
2188 3102 2331 3148 tennens
2349 3093 2401 3126 F¹

193 3178 339 3211 sciencie
362 3178 400 3220 Τ,
423 3177 438 3211 l
464 3179 633 3212 sententie
658 3190 682 3212 8.
711 3179 732 3211 ἰ.
758 3179 840 3212 add.
873 3178 922 3210 Τ2
1042 3184 1185 3222 optentu
1212 3177 1246 3211 L
1364 3180 1515 3212 sobolem
1546 3179 1670 3212 TOFP
1784 3185 1817 3212 et
1842 3191 1904 3212 om.
1933 3176 1967 3211 L
2143 3176 2186 3209 15
2210 3188 2271 3220 gra
2291 3175 2406 3208 *vitas

191 3256 313 3300 (unam
339 3259 399 3292 litt.
424 3270 514 3292 eras.
541 3258 618 3299 M1)
649 3258 695 3291 M
785 3259 1022 3292 habundantia
1049 3259 1086 3292 F
1180 3260 1353 3302 delphydii
1381 3257 1433 3301 L,
1467 3260 1594 3292 delfidii
1620 3259 1657 3292 F
1752 3259 1890 3302 agro&ii
1917 3257 1967 3299 L,
1995 3259 2123 3301 agrocii
2147 3257 2226 3289 MF
2245 3262 2275 3289 ee
2299 3260 2322 3288 4
2347 3256 2405 3288 lm.

194 3344 271 3371 ante
296 3338 328 3371 h.
353 3351 382 3371 v.
408 3350 497 3372 eras.
524 3338 575 3371 P¹
670 3339 807 3372 alchimi
838 3339 866 3372 G
957 3340 1071 3372 adelfii
1097 3339 1174 3371 LJI
1178 3339 1239 3371 ΤΡ
1407 3338 1449 3371 16
1474 3340 1741 3383 aequiparabilia
1758 3339 1788 3371 L
1953 3337 1994 3370 17
2019 3339 2212 3372 scribantur
2237 3336 2281 3406 3¹!
2285 3335 2377 3368 TC'F
2376 3334 2408 3367 P

193 3419 390 3462 yperbolico
408 3416 454 3460 L,
477 3420 687 3462 hiperbolico
718 3419 777 3452 TO
868 3420 1044 3452 rethorum
1068 3419 1113 3451 M
1116 3419 1211 3451 TFP
1302 3419 1481 3462 cathalogo
1505 3419 1655 3461 LMTP,
1680 3420 1860 3463 cathalago
1880 3418 1946 3452 CF
2081 3417 2124 3451 18
2148 3417 2340 3460 quintiliani
2361 3416 2404 3448 (¹¹

193 3499 401 3541 quintiiliani
425 3498 463 3532 F
575 3511 732 3543 pompam
759 3498 837 3540 (om.
865 3498 945 3542 que)
970 3499 1145 3532 MTOFP
1258 3500 1432 3543 conparati
1467 3499 1494 3539 (t
1519 3510 1608 3532 corr.
1627 3499 1663 3532 in
1686 3512 1703 3532 r
1730 3499 1792 3541 C'1)
1821 3500 1849 3532 C
2011 3496 2053 3530 19
2077 3498 2213 3540 ambigo
2240 3497 2281 3528 M
2287 3495 2409 3528 TCFP

190 3579 309 3621 pocius
333 3578 398 3611 LO
555 3577 602 3611 20
627 3580 801 3613 amiciciae
829 3579 893 3612 OF
984 3580 1144 3613 soliditati
1170 3580 1198 3611 ('
1289 3558 1348 3611 Gr]
1374 3575 1409 3610 L
1559 3578 1603 3611 21
1631 3580 1757 3612 tercius
1784 3578 1848 3611 CF
1938 3579 2031 3610 obtat
2056 3576 2122 3609 LP
2210 3577 2336 3608 adiberi
2364 3575 2406 3606 M

194 3671 391 3702 quanquam
408 3659 521 3692 LMF
586 3661 629 3692 sit
655 3671 719 3692 om.
743 3660 775 3692 T
849 3661 1008 3694 fatidium
1026 3660 1063 3692 F
1186 3657 1231 3691 22
1258 3659 1354 3691 vobis
1380 3670 1405 3690 s.
1432 3659 1453 3689 l.
1479 3659 1562 3692 add.
1586 3658 1635 3691 Τ2
1707 3659 1795 3691 vicio
1816 3658 1844 3690 (ζ’
1961 3656 2005 3689 ’23
2030 3656 2225 3698 intelligunt
2239 3655 2410 3687 MTCFP

202 3738 248 3772 ‘25
273 3741 472 3783 pontentino
498 3740 536 3772 F
671 3740 716 3773 26
742 3741 933 3774 dilectionis
960 3741 993 3778 (e
1018 3752 1105 3772 corr.
1131 3740 1165 3771 ’ἰπ
1193 3740 1202 3770 i
1228 3737 1297 3780 L’)
1324 3736 1358 3770 L
1500 3737 1543 3771 27
1569 3750 1707 3781 nanque
1732 3738 1776 3769 M
1864 3737 2044 3769 divinctior
2069 3734 2101 3767 L

2439 780 2463 817 ts'a
