2583 4011
117 192 196 230 474

118 300 401 347 principalitas:
430 304 618 343 tamquam
644 311 717 334 non
737 299 996 344 principalitas
1022 298 1069 333 sit
1095 310 1178 334 cen-

161 358 272 392 senda
302 357 468 391 beneficii
497 357 606 392 1073.

116 414 319 460 liu-incipari
345 427 352 448 ε
383 425 456 448 11011
507 414 646 459 prolem
693 413 947 449 Garamantici
986 413 1177 454 Tonantis,

161 472 282 517 reguis
315 471 619 517 principibusque
656 471 946 516 principantem,
979 471 1110 515 loquar
1141 472 1177 506 U.

162 530 207 563 IX
228 531 289 566 51:
316 529 423 563 simul
452 529 586 563 dedisti
613 531 720 563 natos
747 540 827 563 cum
847 529 1016 573 genitorc
1042 528 1177 574 princi-

161 588 291 631 pantes
318 587 354 621 (¹.
382 587 572 620 XXIllfvo.

114 644 346 689 principatus
373 643 461 681 375.
484 644 596 678 8418.
615 645 694 679 83⁹3
718 646 757 686 cl]
784 644 951 689 ambigas
969 643 1178 687 ampliusne

159 713 246 735 suae
272 701 395 745 gentis
430 712 477 735 an
504 713 591 735 suae
625 703 746 735 sectae
772 703 897 735 tenea-t
924 700 1175 746 principatum

164 758 285 792 10926
311 758 448 802 (11917111-
472 758 513 792 de
539 769 611 802 rcgse
638 758 856 802 Gothorum).

113 815 213 860 prius
230 827 285 857 t:
295 816 432 859 potius)
449 828 455 849 :
475 816 572 849 inter
590 815 773 859 agendum
788 815 946 849 multum
961 815 1006 849 de
1020 815 1175 859 legibus.

157 873 202 907 dc
234 873 480 918 temporibus.
520 872 564 907 de
597 875 743 914 senatu,
778 872 822 907 de
862 873 1030 917 principe
1061 872 1176 916 queri,

158 930 256 974 quod
288 942 324 965 se
355 942 427 965 non
459 930 579 975 prius.
617 942 727 973 quam
754 930 991 971 discuterent,
1026 929 1176 964 ulcisce-

162 991 289 1022 rentur
317 988 423 1022 11:34.

112 1057 203 1090 pro:
231 1045 304 1079 iam
343 1044 372 1078 si
411 1044 455 1077 ad
493 1045 741 1077 sacrosanctos
773 1046 897 1088 patres
928 1055 994 1089 pro
1028 1055 1175 1089 compa-

157 1102 298 1136 ratione
333 1101 521 1136 veniatur.
564 1100 716 1135 instruit
755 1103 797 1135 ut
834 1101 1079 1145 Hieronymus
1116 1105 1174 1135 cet.

156 1159 268 1194 5525.
305 1179 343 1183 —-
381 1159 620 1203 [(=1»·0ptcrl
641 1171 648 1191 ε
673 1169 739 1202 pro
766 1158 888 1192 studio
921 1160 1008 1193 tuae
1044 1158 1174 1193 salutis

160 1216 195 1250 F.
222 1216 338 1253 2858:
367 1226 431 1259 pro
458 1214 526 1248 hoc
555 1214 591 1249 F.
617 1215 761 1252 28:322:
792 1226 858 1260 pro
885 1215 1068 1260 epist-ulae
1093 1215 1173 1249 bre-

158 1272 273 1306 vitate
299 1272 335 1306 F.
362 1272 500 1311 289526:
528 1283 594 1315 pro
621 1283 662 1306 eo
688 1272 786 1316 quod
812 1273 848 1306 F.
875 1273 1027 1317 294,2‘2].

112 1342 276 1373 proceres
310 1329 396 1363 125.
433 1329 519 1363 1413.
550 1329 662 1373 ·20,10.
700 1330 736 1364 C.
771 1330 872 1364 1113.
901 1330 976 1364 129.
1011 1330 1079 1364 Vll
1094 1330 1170 1365 210.

155 1387 231 1420 4035.
258 1388 334 1421 530.
361 1387 437 1420 577.

109 1455 322 1488 processus:
349 1443 514 1478 laborum
543 1446 825 1489 temporumque
860 1456 1031 1489 processu
1060 1446 1171 1488 7627.

109 1501 319 1546 procinctus
350 1515 356 1535 :
392 1501 461 1545 ipsi
497 1501 534 1535 in
569 1501 761 1546 procinctu
795 1514 920 1536 sumus
953 1503 1070 1544 32‚‘27;
1112 1502 1171 1547 [ab

153 1557 296 1592 itineris
323 1558 515 1602 procinctu
534 1559 728 1593 infirmitas
747 1559 910 1604 corporis
937 1588 943 1595 .
960 1587 966 1593 .
983 1588 989 1595 .
1014 1560 1172 1595 retraxit

154 1616 194 1648 R.
220 1615 370 1659 313.14].

108 1673 389 1717 proconsulatus
418 1674 527 1713 1821.

108 1730 260 1774 procul:
289 1730 414 1774 procul
442 1730 617 1775 ambiguo
643 1732 761 1775 94,14;
789 1732 915 1777 procul
943 1731 1056 1766 dubio
1082 1733 1170 1773 539.

151 1788 239 1821 538.
259 1788 370 1829 60211.
393 1787 505 1821 8022.
528 1788 635 1822 1122.
656 1789 790 1829 166‚19.
811 1789 859 1833 [F.
879 1788 1015 1828 29526.
1034 1789 1167 1829 29624.

152 1845 192 1878 R.
211 1844 324 1878 31113.
350 1845 485 1879 32114.
511 1846 645 1885 32320.
671 1846 808 1889 341‚31.
833 1846 934 1886 344‚4
951 1849 1073 1880 contra
1091 1846 1170 1880 sine

149 1901 260 1935 dubio
278 1901 386 1944 ((111οᾱ
403 1900 489 1935 deest
509 1902 606 1945 apud
620 1903 824 1947 Sidoniam)
843 1903 880 1938 F.
900 1904 1035 1938 26523.
1055 1903 1168 1943 278,4.

150 1959 261 1994 2913.
290 1959 330 1992 R.
356 1958 490 2000 31931.
517 1960 652 2002 32525.
678 1960 813 2001 32729.
839 1959 975 2001 33020.
1001 1960 1129 2006 3362}

105 2018 321 2060 procurator
346 2016 434 2051 (333.

105 2073 268 2118 proditio
288 2086 294 2107 :
322 2073 477 2118 proinde
503 2074 591 2117 quia
609 2074 746 2109 dicitur
771 2074 860 2108 haec
887 2074 967 2120 ipsa
986 2075 1168 2120 pernicies

148 2131 467 2176 appropinquare.
500 2131 602 2165 cuius
628 2131 904 2177 proditionibus
929 2131 1018 2166 deus
1044 2132 1170 2167 obviet

148 2188 259 2227 5212.

102 2245 263 2289 profluus
290 2246 378 2279 744.

104 2302 339 2347 proloquium
366 2304 423 2347 (z
436 2304 631 2347 praefatio)
657 2306 748 2345 568.

102 2371 282 2403 pronare:
309 2372 374 2405 per
405 2361 679 2405 catastropham
711 2372 820 2406 saepe
846 2363 1023 2406 pronatus
1049 2364 1151 2404 9029
1160 2378 1167 2405 ;

147 2417 308 2452 latrones
341 2418 387 2452 ad
422 2418 676 2463 pavimentum
709 2430 883 2454 conversa
915 2419 1077 2455 defuncti
1105 2432 1168 2455 ora

153 2478 401 2519 pronaverant
429 2477 561 2517 14223.

101 2538 284 2576 psonepos
311 2533 347 2567 C.
374 2533 424 2567 XI
441 2534 516 2568 133.

96 2599 289 2631 pronomen
330 2590 637 2625 demonstratirum
677 2591 843 2626 omissum
866 2605 873 2626 :
909 2604 995 2627 nam
1037 2605 1166 2637 parum

148 2647 263 2689 possis·
298 2659 523 2692 quamquam
558 2651 595 2683 et
628 2648 793 2682 infirmus
831 2649 1069 2693 periclitante
1099 2652 1165 2696 (eo)

145 2715 252 2746 quem
281 2704 416 2750 diligas
443 2706 513 2739 tibi
540 2706 670 2740 timere
697 2707 832 2747 166‚12.

103 2761 324 2804 prooemiari
350 2763 461 2797 5427.

100 2819 292 2862 propalare
320 2821 430 2854 1615.

102 2886 215 2919 prope
243 2879 297 2910 cst
323 2880 364 2911 ut
390 2878 500 2912 1305.

104 2934 384 2977 propempticon
412 2935 448 2969 C.
476 2935 593 2969 XXIV
619 2936 658 2969 ’1111
683 2935 845 2969 lemmate.

101 2990 333 3034 [linropitiatio
360 2991 399 3026 T.
426 2992 578 3037 27225}

100 3048 304 3091 propositio
324 3061 330 3082 :
356 3050 507 3083 offertur
524 3050 775 3093 praefectoriis
793 3052 879 3084 ante
898 3051 1163 3096 propositionis

146 3104 334 3139 exordium
363 3106 417 3140 ius·
444 3106 593 3141 sedendi
620 3107 698 3148 12,ss
722 3108 763 3149 cf.
789 3110 1003 3152 proponunt
1028 3109 1162 3148 128.-

145 3162 368 3205 syllogismis
394 3165 480 3197 tuae
507 3164 770 3208 propositionis
796 3164 941 3199 uncatis
968 3166 1100 3206 15831.

100 3218 344 3262 propudiosus
373 3221 483 3261 154,1.

99 3275 345 3318 proquiritare
365 3290 371 3310 :
399 3277 456 3311 lex
475 3278 519 3311 ‹le
537 3278 828 3322 praescriptione
846 3279 1019 3314 tricennii
1041 3280 1163 3315 fuerat

149 3333 397 3376 proquiritata
424 3335 558 3374 131,15.

98 3396 303 3438 pros-arius:
331 3409 446 3442 nugas
473 3397 548 3432 sive
568 3398 751 3432 confectas
777 3409 886 3442 opere
904 3401 1070 3443 prosario
1097 3412 1160 3435 seu

144 3455 335 3496 poetarum
367 3454 453 3488 stilo
485 3454 730 3489 cantilenosas
764 3455 881 3497 51,13;
917 3457 1082 3501 prosario
1110 3458 1162 3492 lo-

142 3509 278 3552 quendi
304 3522 438 3554 genere
466 3512 603 3553 1625293
629 3523 721 3556 opus
748 3513 955 3557 prosarium
982 3514 1094 3558 1722.

99 3572 306 3614 prosecutio
327 3586 333 3606 :
360 3573 455 3608 hanc
481 3573 580 3608 intra
606 3574 745 3609 Gallias
771 3577 858 3609 ante
884 3576 1063 3611 nescitam
1090 3577 1162 3622 pri-

144 3639 234 3669 mus⁷
260 3641 369 3672 quem
398 3630 592 3674 loquimur,
625 3634 749 3666 orator
775 3631 912 3666 indidit
936 3633 1162 3677 prosecutio-

146 3684 251 3717 nibus
280 3687 413 3721 131.17.

988 185 1138 220 INDEX
1165 183 1437 220 VEB-EORUM

1249 300 1488 343 prosecutor:
1515 310 1573 333 me
1611 298 1760 343 quidem
1797 310 1904 333 mane
1936 298 2055 343 primo
2087 302 2308 335 remoratum

1296 355 1356 390 vix
1383 366 1403 390 e
1428 355 1551 390 tenaci
1571 357 1719 390 caterva
1737 357 2015 401 prosecutorum
2040 356 2201 401 paginae
2226 359 2312 392 tuae

1295 412 1437 447 occasio
1464 412 1626 448 excussit
1650 413 1762 455 baffi.

1248 469 1472 514 prostitutus
1500 483 1506 504 :
1542 469 1770 504 sermonibus
1811 469 2024 515 prostitutis
2066 482 2108 504 ac
2148 470 2310 505 theatra-

1293 527 1390 562 libus
1415 528 1504 568 5153.

1248 584 1516 630 protei-minare
1535 597 1542 619 :
1570 584 1810 630 possessionis
1828 583 2000 618 turbidae
2017 585 2134 617 metas
2156 583 2195 617 in
2215 583 2311 618 aho-

1293 642 1429 676 danum
1458 641 1693 686 Ligerimque
1719 640 1992 686 proterminant
2015 640 2105 682 40,9.

1247 700 1480 744 protomysta
1505 699 1616 740 3123.

1247 755 1488 800 protuberare
1503 767 1509 789 :
1529 757 1630 790 meta
1647 755 1875 801 protuberat,
1900 755 1948 789 ad
1965 766 2075 799 quam
2096 766 2133 788 se
2150 753 2311 789 iucunda

1293 812 1487 846 ludentum
1506 812 1701 857 naufragia
1719 812 1903 847 collidunt
1919 811 2040 854 ‘26223
2067 810 2186 845 saxeis
2204 810 2310 845 nodis

1294 897 1301 904 .
1316 896 1322 903 .
1339 896 1346 903 .
1374 868 1704 914 protuberantibus
1729 870 1819 914 502.

1246 928 1469 972 provectus:
1495 926 1558 960 sed
1591 927 1770 971 provectu
1796 925 1931 960 aetatis
1963 927 2001 960 et
2034 924 2171 960 militia
2205 923 2311 959 cleri-

1292 984 1363 1018 cali
1470 984 1595 1029 coepit
1620 994 1696 1018 esse
1720 983 1944 1018 venerabilis
1969 983 2058 1023 57‚5.

1245 1041 1530 1087 proverbialiter
1555 1042 1667 1083 28‚18.
1695 1042 1806 1082 116‚9.

1244 1098 1510 1144 provincialis:
1536 1099 1635 1134 inter
1665 1100 1804 1139 cetera,
1839 1110 1934 1143 quae
1967 1097 2038 1132 sibi
2064 1097 2310 1143 provinciales

1290 1156 1436 1201 agenda
1453 1156 1722 1191 mandaverant
1741 1156 1858 1197 10263
1885 1155 2009 1191 creber
2025 1153 2311 1200 provincialium

1290 1225 1407 1248 sermo
1432 1215 1488 1248 cst
1503 1214 1622 1258 44‚18;
1648 1213 1819 1248 invident
1843 1213 1997 1259 praedia
2020 1211 2310 1258 provincialibus

1288 1272 1407 1312 sam
1441 1283 1588 1306 currum
1612 1273 1719 1305 tuum
1745 1270 1992 1317 provinciales
2095 1268 2310 1314 spontaneis

1290 1327 1431 1362 subisse
1458 1328 1662 1363 cervicibus
1689 1329 1825 1370 11826.
1852 1348 1893 1352 -—
1921 1327 2084 1372 epistula
2117 1328 2202 1372 post
2226 1337 2310 1371 pro-

1287 1385 1448 1420 vinciale
1479 1386 1698 1421 mandatum
1724 1413 1731 1420 .
1753 1413 1761 1421 .
1780 1413 1787 1421 .
1814 1385 2000 1430 profertur
2033 1385 2126 1427 1283
2160 1383 2309 1429 provin-

1288 1443 1438 1477 cialium
1464 1443 1696 1479 sacerdotum
1720 1443 1872 1488 praevio
1897 1442 2053 1488 partim,
2087 1441 2225 1487 partim
2251 1452 2310 1476 co—

1287 1500 1448 1535 mitante
1474 1501 1632 1546 collegio
1659 1501 1770 1541 7ss‚13.

1242 1558 1445 1603 psalmicen
1470 1559 1562 1600 90‚4.

1241 1616 1551 1661 psalmographus
1576 1617 1712 1657 116‚15.

1241 1673 1396 1718 psaltes:
1413 1673 1549 1708 chorda
1562 1683 1651 1707 voce
1662 1674 1780 1707 metro
1795 1672 1977 1717 stupende
1991 1672 2130 1716 psaltes
2139 1672 2204 1706 136
2212 1683 2245 1705 v.
2255 1671 2308 1705 16.

1241 1730 1490 1775 publicanus:
1516 1730 1688 1765 invident
1721 1729 1922 1774 vectigalia
1953 1728 2163 1774 publicanis
2195 1728 2307 1770 8218.

1242 1788 1454 1833 publicator
1479 1787 1615 1823 occulti
1640 1788 1753 1830 49,12.

1240 1845 1412 1890 publicus
1441 1858 1448 1880 :
1481 1856 1625 1890 egresso
1657 1845 1748 1879 mihi
1776 1871 1781 1878 .
1807 1872 1813 1878 .
1835 1872 1842 1879 .
1868 1843 2039 1889 publicus
2071 1856 2196 1878 cursus
2225 1842 2311 1894 usui

1286 1903 1359 1937 fuit
1383 1904 1481 1944 6‚14;
1507 1903 1660 1948 publico
1686 1902 1822 1937 carceri
1847 1901 2084 1936 adiudicatus
2112 1902 2168 1936 est
2188 1900 2307 1943 12‚18;

1285 1960 1468 1995 aerarium
1494 1960 1684 2006 publicum
1711 1961 1824 2004 8825.

1240 2018 1447 2063 pugillator
1472 2018 1583 2060 1673.

1239 2077 1454 2121 pugnator:
1481 2075 1665 2119 celerique
1690 2086 1756 2120 per
1781 2075 1933 2109 aethera
1958 2073 2093 2118 plausu
2119 2072 2187 2106 hoc
2212 2070 2307 2105 nulli

1286 2133 1416 2168 melius
1443 2134 1631 2178 pugnator
1655 2132 1796 2167 militat
1821 2131 1957 2176 unguis
1983 2130 2020 2166 C.
2047 2130 2116 2164 VH
2130 2128 2207 2164 206.

1240 2191 1431 2236 pulpitare
1455 2203 1463 2225 ε
1499 2190 1614 2236 pandi
1647 2191 1856 2225 carinarum
1887 2190 2034 2223 ventres
2064 2187 2304 2232 abiegnarum

1286 2248 1448 2283 trabium
1475 2250 1580 2283 textu
1605 2247 1896 2293 pulpitabuntur
1920 2245 2054 2287 144‚11.

1240 2306 1451 2351 pumicatus
1481 2307 1591 2348 11‚27‚
1618 2306 1752 2346 1⁶28‚18.

1239 2365 1444 2409 punctum:
1473 2363 1532 2398 cui
1557 2363 1586 2397 si
1614 2362 1794 2397 examinis
1820 2362 1877 2396 tui
1902 2372 2049 2405 quoque
2075 2361 2216 2405 puncta
2239 2359 2305 2393 tri-

1286 2421 1449 2455 buantur
1475 2422 1594 2462 15‚12;
1633 2420 1774 2465 gloriae
1799 2420 1996 2465 punctum,
2024 2418 2123 2462 quod
2149 2416 2304 2452 dictioni

1285 2489 1459 2522 negares,
1491 2476 1556 2511 das
1581 2477 1771 2513 amicitiae
1796 2478 1915 2520 51,17;
1948 2477 2067 2510 laetor
2091 2475 2138 2509 ad
2164 2475 2304 2519 puncta

1285 2534 1444 2570 censoris
1479 2535 1645 2569 omnium
1674 2547 1763 2570 voce
1797 2533 2046 2570 concelebrati
2073 2532 2214 2574 131223
2250 2531 2304 2565 nil

1284 2593 1410 2638 palam
1447 2603 1534 2626 sane
1567 2592 1734 2637 loquitur
1765 2594 1951 2638 pavetque
1984 2590 2135 2636 publica
2165 2590 2304 2634 puncta

1285 2651 1348 2684 171
1370 2661 1399 2684 v.
1421 2650 1479 2690 12;
1512 2651 1549 2684 te
1579 2650 1728 2695 punctis
1762 2650 1940 2695 scripsere
1976 2648 2095 2683 tribus
2129 2648 2166 2683 C.
2192 2646 2301 2689 1120;

1284 2708 1510 2742 concurrunt
1534 2707 1580 2741 ad
1608 2710 1748 2752 puncta
1773 2707 1893 2741 tribus
1919 2706 1955 2742 C.
1983 2707 2143 2742 V11567.

1237 2776 1403 2810 purpura
1421 2778 1428 2798 :
1455 2775 1580 2799 omnes
1599 2765 1781 2799 nobilium
1800 2775 2006 2799 sermonum
2023 2774 2210 2809 purpurae
2237 2773 2304 2808 per

1282 2822 1463 2857 incuriam
1488 2822 1593 2867 vulgi
1618 2822 1929 2857 decolorabuntur
1947 2822 2069 2863 33‚11;
2097 2821 2302 2863 columnae,

1281 2891 1372 2923 quas
1392 2908 1398 2914 .
1415 2907 1422 2914 .
1439 2906 1445 2914 .
1464 2879 1713 2914 aedificiorum
1730 2891 1913 2925 purpuras
1928 2889 2190 2924 nuncupavere
2203 2878 2301 2919 24,9;

1284 2937 1346 2971 sed
1384 2948 1458 2971 non
1495 2936 1565 2971 tibi
1601 2936 1706 2972 venit
1742 2948 1907 2982 purpura
1944 2948 2010 2981 per
2045 2936 2229 2986 thalamo-s
2264 2934 2300 2970 C.

1280 2995 1412 3037 112173
1439 2996 1476 3028 te
1582 2994 1719 3029 multos
1745 3006 1910 3039 purpura
1928 2994 2067 3029 vestiat
2093 3004 2159 3039 per
2183 3003 2300 3027 annos

1281 3052 1317 3086 C.
1344 3051 1431 3085 XIII
1445 3051 1499 3086 27.

1235 3115 1488 3160 purpuratus:
1515 3115 1578 3158 qui
1610 3126 1680 3149 non
1716 3116 1925 3150 affectasset
1956 3115 2127 3149 habitum
2164 3126 2301 3159 purpu-

1279 3173 1444 3205 ratorum
1460 3172 1575 3215 12‚1ss;
1594 3174 1679 3217 post
1696 3174 1943 3218 purpuratum
1958 3172 2166 3217 principem
2181 3171 2297 3214 14‚12;

1280 3229 1434 3263 ultimus
1449 3239 1517 3273 ego
1535 3229 1711 3274 iacebam,
1730 3241 1803 3274 qua
1822 3230 2019 3275 purpurati
2038 3230 2137 3264 latus
2150 3230 2298 3264 laevum

1280 3285 1448 3330 margine
1462 3286 1501 3320 in
1515 3287 1643 3322 dextro
1658 3287 1920 3332 porrigebatur
1939 3287 2054 3328 1825;
2075 3286 2296 3321 sententiam

1281 3344 1477 3388 purpurati
1503 3343 1598 3385 20,1;
1630 3344 1694 3388 (1111
1722 3344 1918 3379 videbatur
1947 3344 1985 3378 in
2017 3344 2187 3389 iugulum
2213 3356 2300 3389 pur-

1281 3401 1405 3445 purati
1447 3401 1521 3435 iam
1570 3401 1718 3446 iamque
1764 3401 1927 3436 ruiturus
1967 3401 2066 3442 38‚3;
2111 3401 2298 3447 principes

1281 3459 1505 3502 purpuratos
1540 3459 1659 3499 116‚8;
1710 3459 1808 3494 inter
1840 3460 2063 3504 purpuratos
2102 3459 2298 3493 linteatum

1283 3515 1416 3557 128‚1ss.
1781 3520 1788 3526 ⁵

1234 3588 1465 3623 purpureus:
1492 3588 1695 3623 purpureos
1726 3577 1890 3612 Fortuna
1914 3578 2010 3613 viros
2046 3590 2125 3613 011111
2160 3578 2298 3614 murice

1281 3645 1424 3679 semper
1449 3634 1685 3679 prosequitur
1710 3634 1746 3669 C.
1766 3635 1880 3675 11963
1906 3646 2109 3680 purpureos
2139 3635 2298 3670 debebat

1279 3692 1370 3726 nata
1394 3693 1548 3737 nepotes
1574 3691 1610 3726 C.
1637 3691 1767 3732 11196;
1792 3692 1941 3737 iamque
1966 3694 2004 3726 et
2027 3703 2233 3738 purpureus
2258 3692 2297 3727 in
