2583 4011
144 208 225 248 458
1018 205 1166 240 INDEX
1197 206 1467 242 VERBORUM

279 330 343 362 pro
376 330 417 352 ex
446 332 453 352 :

190 376 342 410 accessit
368 376 412 410 dc
438 376 642 410 studiorum
660 376 852 420 parilitate
869 377 962 417 525:
990 377 1056 411 etsi
1085 378 1205 412 adhuc
1239 410 1241 424 A

188 433 330 476 aliquid
363 433 407 467 de
438 433 678 478 neglegentia
703 434 813 469 fetet.
851 434 924 468 iam
956 436 1079 470 tamen
1110 435 1205 469 nihil
1240 425 1241 444 ¹

187 489 230 523 de
257 490 426 534 superbia
454 492 572 525 tumet
598 492 719 526 6613:
756 502 801 525 ne
827 494 947 526 vester
973 493 1125 526 affectus
1239 498 1241 537 l

187 546 335 580 duceret
361 549 401 580 ut
438 547 585 591 gladius
617 548 808 592 impolitus
841 548 885 582 de
917 560 1025 583 curae
1050 549 1204 584 raritate
1238 540 1241 576 ῗ

188 603 391 648 robiginem
434 604 551 641 90113:
590 605 649 649 [de
687 605 789 639 cuius
833 609 980 650 pectore
1017 607 1121 650 quasi
1160 607 1204 641 de

188 661 325 705 templo
353 672 418 695 suo
444 661 613 695 dominus
639 662 859 706 loquebatur
886 663 921 696 F.
948 665 1098 708 2772271.

274 728 341 761 pro
363 719 539 761 aeneida:
566 723 619 753 est
647 719 744 753 enim
778 719 835 753 hic
861 732 996 764 gurges
1029 721 1072 755 de
1104 723 1203 755 suto-
1237 727 1239 747 ἒ

187 774 287 809 ribus
321 775 527 810 fabularum
559 777 653 813 4952
692 776 872 811 desiderio
907 777 951 810 de
984 777 1087 811 vobis
1122 789 1202 813 meo
1237 786 1239 820 ς

187 831 397 867 satisfacere
418 834 531 868 1135:
559 845 699 868 summa
726 833 865 867 homini
893 846 979 868 cura
996 833 1040 868 de
1066 835 1202 869 litt-eris
1237 822 1238 859 l

485 318 665 352 secundus
702 319 808 353 nobis
844 319 1048 354 animorum
1089 331 1203 354 nexus
1239 329 1242 359 ι

188 890 325 926 nal&
361 890 405 924 de
438 889 590 923 urbibus
625 891 869 934 Aquitanicae
904 891 1044 935 primae
1084 892 1202 926 solum
1237 914 1238 938 3

186 947 362 991 oppidum
385 948 497 983 low:
524 950 603 980 erat
629 948 705 981 sola
731 959 826 991 quae
843 951 987 993 tegeret
1004 949 1141 983 nebula
1158 949 1202 984 de

187 1003 336 1047 pulvere
374 1005 490 1043 5952&
535 1005 691 1049 [debetis
732 1007 836 1040 fenus
875 1006 918 1040 de
955 1007 1129 1041 thesauro
1166 1007 1201 1041 F.
1237 1019 1238 1022 ¹

186 1060 335 1104 eva-291.
1236 1050 1239 1102 ξ

142 1117 441 1152 deambulacrum
468 1119 579 1153 24:21.

142 1175 363 1218 [de-aurare:
391 1175 501 1209 verbo
529 1178 635 1210 tenus
662 1177 771 1211 homo
797 1176 995 1211 deauratus
1022 1180 1086 1218 est.
1103 1175 1202 1211 'deus
1237 1190 1238 1199 ¹

186 1244 314 1265 aurum
341 1235 396 1266 est
422 1233 460 1266 F.
485 1234 611 1273 26528
635 1234 679 1276 cf.
706 1234 744 1268 F.
771 1234 920 1279 251,16].

140 1288 370 1323 deblaterare
398 1290 483 1324 139.
512 1291 644 1329 loa-26.

139 1346 418 1380 decemviralis:
445 1359 555 1391 supra
597 1348 858 1382 decemvirales
897 1348 1202 1393 pontificalesque

186 1403 390 1437 sententias
415 1405 534 1440 2913:
560 1405 736 1439 iudicium
764 1406 1006 1440 decemvirale
1032 1407 1143 1445 2:30,4.
1159 1427 1200 1431 -—
1235 1411 1237 1425 ⁸

186 1460 481 1496 decemviraliter
506 1464 564 1504 (Ξ
583 1462 753 1506 distincte,
777 1463 942 1506 (frauder)
973 1463 1104 1504 131,14.

140 1518 407 1553 decemviratus
434 1520 469 1554 C.
496 1520 619 1554 XXIII
637 1520 715 1555 449.

139 1576 361 1610 decemviri:
390 1589 470 1611 cum
505 1579 736 1611 accusatores
762 1577 913 1611 nuntios
939 1588 960 1611 a
985 1577 1201 1612 decemviris

188 1633 445 1677 opperirentur
472 1625 581 1674 1127.

140 1690 302 1725 decenne
327 1691 465 1725 bellum
491 1691 527 1726 C.
554 1691 697 1725 1X124.

141 1747 417 1782 decervicatus:
444 1760 535 1792 quos
572 1748 715 1782 humari
755 1759 826 1782 nox
863 1748 1050 1783 succincta
1077 1749 1200 1793 prohi-

186 1805 315 1839 buemt
343 1806 582 1840 decervicatis
608 1806 749 1849 liquere
776 1806 1015 1841 cadaveribus
1040 1807 1153 1847 4220.

140 1862 356 1897 decurrere:
382 1863 565 1897 transitire
597 1874 670 1906 qua
695 1863 900 1898 festivitate
926 1864 1078 1898 decursa
1102 1866 1199 1906 820;

186 1920 328 1954 duabus
355 1920 604 1965 dignitatibus
630 1921 791 1955 decursis
818 1922 933 1961 1821;
965 1922 1200 1956 decursarum

184 1977 370 2011 actionum
391 1977 595 2012 similitudo
613 1979 708 2019 39‚9;
735 1979 968 2013 decursorum
993 1981 1200 2023 temporum

184 2035 444 2079 praerogativa
478 2036 596 2076 5452&
629 2035 747 2070 defert
778 2036 950 2070 volumen
983 2039 1019 2071 et
1044 2037 1201 2081 prophe-

186 2095 321 2128 tarum.
359 2093 447 2127 licet
484 2104 542 2127 me
583 2093 736 2128 absente
775 2094 966 2128 decursum
1004 2094 1125 2135 88.11;
1163 2094 1201 2127 111

185 2149 390 2194 apostolica
413 2150 498 2184 sede
524 2161 655 2185 novem
681 2150 754 2185 iam
775 2151 927 2185 decursa
947 2151 1202 2196 quinquennia

184 2208 279 2241 9521:
312 2207 463 2242 decursa
499 2208 636 2242 militia
671 2209 812 2248 105.11;
845 2209 1010 2253 obrepsit
1035 2209 1201 2251 materia,

185 2276 257 2308 qua
284 2263 435 2299 decursa
460 2266 568 2300 facile
594 2265 734 2300 dinosci
759 2267 861 2301 valet
885 2267 998 2307 2324.

139 2321 349 2365 decipulum
378 2322 500 2364 13823
526 2323 638 2365 (codd.
660 2327 801 2367 praeter
825 2323 859 2357 L
885 2324 1121 2369 decipulam).

139 2378 474 2415 declamatiuncula
501 2381 590 2422 524.

141 2436 292 2470 decocta
319 2437 407 2471 5256.

140 2493 437 2528 decoramentum
466 2496 576 2529 115.1.

140 2550 359 2585 decretalis:
387 2551 600 2585 Arvandum
632 2551 780 2596 publico
816 2551 965 2585 nomine
995 2553 1202 2587 accusaturi

185 2620 268 2642 cum
294 2609 407 2653 gestis
426 2608 672 2642 decretalibus
699 2609 944 2652 insequuntur
963 2609 1077 2650 10:263
1103 2610 1201 2654 quod

186 2665 275 2698 mihi
302 2665 462 2710 paginae
480 2666 673 2701 decretalis
692 2668 819 2702 oblatu
840 2667 1022 2711 pontificis
1039 2667 1201 2713 eligendi

187 2722 390 2757 mandastis
416 2723 610 2757 arbitrium
639 2726 771 2765 11326.

142 2779 292 2813 deesse:
320 2780 377 2814 cui
404 2781 540 2814 sentire
567 2781 684 2816 defuit
710 2794 774 2827 per
799 2784 970 2816 naturam
999 2783 1109 2823 1048.

141 2837 376 2871 defaecabilis
402 2839 489 2878 [16.

141 2894 330 2928 ‹lestrecare
345 2895 410 2933 2,1.
427 2896 559 2931 15813.
577 2897 628 2940 [F.
643 2897 793 2941 2⁶55.15[.
813 2898 872 2939 (cf.
889 2897 1046 2931 Ειιῖνὶαη.
1061 2908 1110 2940 ep.
1125 2900 1200 2941 5,:3).

146 2951 293 2995 [deforis
314 2965 320 2985 :
348 2952 509 2996 pericula
529 2965 601 2987 non
628 2953 761 2987 deforis
780 2953 995 2998 ingruentia
1020 2954 1082 2989 sed
1101 2955 1201 2989 intus

188 3014 365 3053 concepta
393 3010 429 3044 F.
455 3011 594 3055 QSSJJJ.

142 3066 340 3101 ‹lc-fremere
367 3068 478 3108 6425.
507 3069 639 3107 15Ῑ.11.

142 3124 333 3158 dcfrudare
350 3137 356 3157 ε
376 3127 416 3157 ut
431 3124 601 3158 laudibus
621 3136 743 3159 eorum
763 3124 857 3159 nihil
872 3137 916 3158 ne
932 3125 1033 3169 regni
1051 3125 1199 3169 quidem

188 3180 356 3215 defrudet
383 3181 524 3215 invidia
550 3182 638 3221 216.

142 3237 347 3272 defrustare
373 3239 506 3273 15720.

144 3295 276 3337 [deitas
302 3295 339 3329 F.
366 3295 489 3339 29:2‚16
514 3295 627 3340 (bis—A.

145 3352 332 3395 [deliciare
357 3353 399 3386 R.
425 3353 576 3397 342‚19].

142 3414 346 3449 delumbis:
375 3415 487 3449 dictio
514 3416 648 3450 exossis
675 3418 801 3450 tenera
826 3415 1007 3450 delumbis
1036 3418 1143 3452 1484.

142 3476 356 3511 ‹Iemiwttira
376 3491 382 3511 :
409 3478 743 3513 declamatiunculam
766 3478 861 3521 5‚·24;
887 3478 1065 3514 clientula
1082 3481 1200 3523 2422;
1236 3466 1237 3489 ³

187 3534 358 3569 versiculi
382 3535 493 3575 2324.
519 3536 642 3576 33,12;
677 3535 938 3570 cenatiuncula
970 3538 1066 3576 1252:
1100 3540 1201 3572 aeta-

188 3591 267 3625 tula
300 3593 397 3632 53.4;
439 3593 625 3626 sarcinula
658 3594 778 3633 59‚19;
814 3594 1072 3627 munusculum
1104 3596 1201 3637 78,8;

188 3647 356 3682 aedicula
373 3649 465 3689 9153
492 3649 662 3684 lucellum
690 3650 830 3690 100,19;
856 3650 1042 3685 infantula
1063 3652 1200 3693 10:3‚283

189 3703 406 3748 virguncula
446 3706 583 3747 105‚·29;
622 3706 903 3752 municipiolum
936 3708 1075 3749 105,3:3;
1116 3720 1200 3744 con-

1323 321 1591 356 testatiuncula
1618 322 1758 362 106203
1785 323 1952 357 mensula
1978 323 2097 363 122,7;
2127 323 2338 367 lepusculus

1325 378 1462 418 132,12;
1509 378 1707 423 pisciculus
1745 380 1885 420 135,11;
1927 379 2088 414 botellus
2127 380 2193 415 140
2216 392 2248 415 v.
2273 381 2336 423 463

1322 436 1606 480 quaestiuncula
1632 437 1770 477 166,15;
1806 436 1940 471 silvula
1965 437 2001 472 O.
2028 437 2176 478 1Χ229;
2208 437 2254 479 cf.
2280 448 2338 471 ar-

1322 493 1527 533 mariolum,
1554 493 1757 527 zothecula.

1413 550 1619 594 [ecclesiola
1650 551 1692 584 R.
1718 550 1836 591 329,5;
1875 550 2116 595 hospitiolum
2150 551 2192 585 R.
2226 551 2338 592 307,3.

1320 607 1432 646 3125.
1457 606 1574 647 340,1;
1601 606 1787 651 igniculus
1807 608 1849 642 R.
1869 608 2003 650 ‘299‚13.
2022 608 2164 649 332‚34;
2190 607 2337 652 ingeni-

1321 663 1420 697 olum
1458 663 1501 697 R.
1536 664 1677 705 305‚14;
1719 664 1869 709 lapillus
1899 665 1942 699 R.
1967 665 2112 708 301‚38‚·
2147 664 2338 700 litterulae

1320 721 1362 754 R.
1381 720 1521 760 307,‘22;
1548 720 1694 755 ovicula
1712 721 1754 756 R.
1772 722 1914 763 30029;
1941 721 2122 766 paginula
2139 722 2182 757 R.
2195 722 2337 764 302‚16;

1320 777 1565 821 pauperculus
1608 778 1646 812 F.
1687 778 1805 819 267‚7;
1846 779 2076 814 ramusculus
2114 779 2157 814 R.
2195 779 2336 822 302,34;

1319 833 1543 878 scripturula
1569 834 1607 869 F.
1633 835 1746 875 28:25.
1772 835 1926 880 288,12].

1273 891 1475 925 dentatus:
1500 891 1709 935 gladiorum
1734 892 1852 926 latera
1877 892 2031 927 dentata
2055 892 2146 934 42‚7.

1277 948 1499 993 [deploratio
1527 949 1568 983 R..
1594 949 1748 994 347‚·24].

1236 1003 1238 1012 ²
1274 1004 1512 1048 depraedatio
1539 1006 1672 1047 100‚14.

1274 1061 1482 1106 depretiare
1500 1066 1529 1096 et
1547 1063 1748 1108 depretiari
1763 1077 1769 1098 :
1789 1063 1894 1108 quasi
1912 1065 2139 1098 mercaturus
2156 1063 2338 1108 inspicere

1320 1130 1508 1163 prensare,
1535 1120 1735 1166 depretiari
1760 1121 1861 1163 1123
1870 1135 1878 1162 ;
1903 1131 2023 1165 neque
2049 1121 2150 1165 apud
2173 1121 2211 1155 te
2235 1120 2338 1155 litte-

1319 1176 1454 1211 rariam
1473 1189 1596 1212 curam
1615 1178 1725 1213 turba
1743 1178 1928 1223 depretiet
1944 1178 2200 1223 imperitorum
2218 1178 2336 1219 35,10;

1319 1245 1386 1268 nec
1417 1236 1583 1279 tempore
1608 1236 1721 1281 longo
1746 1235 1958 1281 depretiata
1982 1247 2065 1270 suas
2091 1236 2247 1280 turpant
2270 1235 2337 1280 fig·
2396 1240 2401 1245 '

1318 1293 1445 1326 menta
1469 1292 1606 1337 figuras
1632 1293 1669 1328 C.
1695 1294 1799 1328 XXII
1813 1294 1891 1328 203.

1273 1347 1452 1392 deputare
1485 1363 1491 1384 ε
1528 1350 1712 1394 reliquum
1754 1362 1863 1385 mane
1905 1349 2009 1396 regni
2051 1347 2337 1383 administrandi

1319 1417 1406 1440 cura
1431 1406 1502 1441 sibi
1529 1407 1686 1452 deputat
1711 1408 1776 1449 3‚9.

1234 1486 1236 1490 ι
1273 1463 1455 1507 dequeri:
1488 1464 1640 1509 longum
1685 1467 1808 1500 tacere
1852 1475 1917 1499 nos
1960 1463 1999 1498 in
2043 1473 2237 1498 commune
2274 1461 2336 1496 de-

1317 1522 1469 1564 questus
1498 1532 1534 1556 es
1561 1523 1673 1562 1565.

1272 1578 1453 1613 derivatio
1469 1592 1476 1613 :
1496 1590 1569 1613 non
1583 1579 1802 1620 verebimur,
1821 1579 1920 1624 quod
1938 1589 2068 1613 causae
2086 1577 2193 1612 istius
2211 1588 2336 1612 cursus

1316 1635 1394 1670 ulla
1420 1637 1715 1671 contrastantum
1740 1636 1970 1671 derivatione
1995 1636 2170 1670 tenuetur
2193 1634 2307 1678 28,16.

1233 1681 1235 1726 l
1272 1692 1469 1737 derogator
1495 1694 1553 1737 (=
1570 1694 1799 1738 vituperator)
1825 1694 1940 1735 49,10.
1964 1694 2077 1735 51,17.
2103 1692 2238 1734 126,12.

1273 1750 1471 1794 [desertum
1487 1764 1494 1784 :
1514 1750 1697 1785 desertum
1711 1751 1786 1786 mei
1800 1750 1990 1796 hospitioli
2005 1751 2046 1785 R.
2062 1750 2179 1793 307,4;
2200 1748 2336 1784 deserti

1318 1808 1435 1842 nostri
1460 1808 1622 1853 ineptias
1647 1809 1690 1843 R.
1716 1809 1871 1854 306,12].

1271 1865 1534 1900 desideratus:
1567 1876 1634 1900 nec
1670 1865 1715 1900 ob
1755 1865 1825 1900 hoc
1860 1868 1985 1901 tamen
2021 1863 2167 1910 perdidi
2203 1863 2242 1897 in
2280 1864 2336 1897 to-

1317 1924 1397 1957 tum
1434 1923 1785 1958 desideratissimam
1820 1923 1934 1958 flendi
1979 1922 2209 1957 occasionem
2244 1920 2336 1963 642.

1319 1980 1370 2025 [S.
1383 1981 1539 2026 273,12].
1565 2001 1607 2005 —
1635 1981 2013 2026 [desiderantissimus
2039 1979 2073 2015 S.
2088 1978 2243 2023 273,27].

1273 2037 1480 2083 [despector
1505 2039 1735 2073 terrenorum
1759 2039 1798 2073 F.
1824 2038 1976 2083 2692Ο].

1272 2095 1510 2140 despicabilis
1536 2095 1648 2137 3326.
1673 2095 1763 2137 46,7.
1789 2096 1903 2138 59,1Ο.

1272 2152 1506 2198 detepeseere
1531 2153 1621 2193 90‚8.

1273 2210 1459 2255 [detergat
1483 2210 1526 2244 R.
1552 2211 1695 2251 314‚39;
1722 2209 1885 2254 detergit
1910 2210 1953 2243 R.
1979 2209 2132 2253 325‚15].

1272 2267 1458 2301 deterrere
1487 2267 1573 2308 10,5.

1274 2325 1518 2358 devenustare
1545 2324 1657 2365 1224.
1684 2324 1798 2365 2320.
1826 2324 1937 2365 114,8.
1965 2323 2087 2366 15023
2119 2323 2178 2366 (cf.
2197 2322 2337 2357 Auson.

1317 2392 1433 2425 opusc.
1462 2381 1544 2415 XX
1554 2381 1727 2426 VII4‚6).

1276 2439 1589 2484 [devinctissimus
1627 2439 1665 2474 F.
1696 2438 1832 2480 26638.
1867 2437 2003 2482 268,37.
2044 2437 2157 2479 2692.
2194 2456 2237 2461 -
2275 2435 2338 2470 de-

1319 2496 1458 2531 vinctio
1483 2498 1606 2531 vestra
1630 2496 1674 2530 R.
1699 2495 1852 2540 346,14].

1273 2553 1423 2588 diaeta:
1451 2565 1494 2588 ex
1520 2554 1589 2588 hoc
1613 2552 1777 2588 triclinio
1802 2553 1845 2586 fit
1868 2551 1907 2586 in
1938 2551 2103 2586 diaetam
2127 2551 2204 2585 sive
2230 2561 2336 2586 cena-

1319 2611 1526 2645 tiunculam
1553 2611 1732 2645 transitus
1758 2611 1848 2653 25,1.

1273 2668 1454 2702 diastema
1473 2681 1480 2703 ε
1506 2668 1775 2713 planeticorum
1794 2667 1954 2702 siderum
1972 2666 2125 2712 globum
2142 2666 2183 2700 in
2200 2665 2336 2700 diaste-

1318 2728 1420 2760 mata
1445 2725 1594 2761 zodiaca
1612 2737 1764 2770 prosper
1790 2727 1891 2760 ortus
1915 2726 2082 2759 erexerat
2101 2723 2215 2765 142‚6;
2240 2722 2337 2757 affir-

1318 2794 1422 2817 mans
1436 2783 1621 2828 placidam
1631 2783 1801 2828 Paphien
1815 2794 1959 2817 servare
1974 2782 2155 2816 diastema
2163 2780 2336 2825 quintum

1319 2840 1354 2875 C.
1371 2840 1438 2874 XV
1454 2841 1514 2881 64;
1533 2840 1760 2875 mentionem
1778 2840 1907 2882 centri,
1925 2839 2185 2885 proportionis,
2200 2837 2335 2872 diaste-

1318 2899 1459 2932 matum
1489 2898 1602 2939 2322.

1272 2954 1412 2989 dictare
1440 2957 1496 2998 (=
1514 2955 1666 2999 sembere,
1693 2965 1896 2999 componere
1921 2955 1968 2997 cf.
1997 2954 2114 2997 Mohr,
2145 2963 2190 2987 za
2215 2951 2334 2995 Apoll.

1316 3012 1388 3047 Sid.
1414 3023 1452 3056 1).
1478 3015 1512 3055 8)
1542 3013 1651 3054 16‚14.
1688 3013 1777 3056 3Ο,3.
1817 3013 1906 3052 (13.9.
1946 3012 2034 3053 682.
2072 3010 2184 3052 7320,
2221 3008 2334 3050 9123.

1320 3069 1453 3110 10620.
1495 3070 1604 3111 113,3.
1644 3070 1777 3111 113,12.
1813 3069 1926 3112 125,8.
1961 3069 2096 3110 130‚10.
2109 3067 2165 3102 20.
2199 3066 2333 3108 13527.

1320 3127 1430 3168 1526.
1459 3128 1568 3168 153,1.
1596 3128 1706 3166 1552.

1408 3185 1528 3219 rarius
1541 3200 1582 3213 =
1596 3184 1698 3218 verba
1715 3184 1859 3219 librario
1875 3182 2056 3218 scribenda
2072 3182 2201 3216 dicere:
2221 3179 2334 3224 1027.

1318 3242 1406 3282 122.
1446 3241 1556 3282 12,11.
1594 3242 1706 3283 21,13.
1739 3242 1852 3284 99‚17.
1893 3240 2026 3282 15720.
2064 3239 2100 3275 C.
2132 3239 2240 3274 1183.
2275 3238 2333 3283 [R.

1316 3299 1452 3340 31524.
1478 3298 1630 3342 327,33].

1409 3366 1552 3400 semper
1576 3355 1729 3390 huiusce
1746 3356 1947 3391 maioribus
1965 3356 2031 3390 aut
2047 3355 2249 3388 humanum
2267 3353 2334 3386 aut

1317 3413 1485 3447 divinum
1518 3412 1659 3448 dictare
1691 3416 1747 3455 (=
1765 3413 1890 3457 dicere)
1920 3412 1978 3447 ius
2004 3411 2087 3447 usui
2112 3411 2185 3446 fuit
2210 3409 2333 3452 11528

1315 3470 1357 3512 cf.
1384 3470 1420 3504 C.
1448 3469 1570 3505 V562.
1790 3512 1796 3518 „

1271 3532 1452 3567 dictatio:
1480 3544 1546 3578 per
1585 3535 1692 3567 tanta
1724 3534 1760 3568 te
1785 3544 1923 3579 genera
1956 3531 2130 3567 narrandi
2168 3532 2249 3566 toto
2279 3530 2332 3564 la—

1317 3589 1480 3624 tissimae
1506 3590 1720 3624 dictationis
1748 3602 1877 3635 campo
1905 3592 2050 3625 secutus
2077 3588 2187 3630 1582.

1271 3653 1457 3687 dictator:
1484 3664 1579 3697 quae
1605 3652 1649 3687 de
1676 3652 1797 3687 titulis
1823 3652 2015 3687 dictatoris
2041 3651 2172 3686 invicti
2193 3650 2332 3695 scripta

1318 3709 1509 3744 Patavinis
1534 3712 1621 3745 sunt
1644 3709 1895 3744 voluminibus
1925 3711 2059 3752 16729.

2564 3571 2577 3586 .,
2565 3519 2577 3561 ‘w
2560 3355 2583 3506 *wmarus
2571 3328 2583 3344 ..
2577 3287 2583 3291 .
