2583 4011
229 154 311 192 376

402 261 646 304 SIDONH
670 260 1025 303 EPISTULAR
1035 260 1131 303 ΠΜ

231 333 314 367 VIII
333 331 434 367 10.4:
461 342 579 374 neque
605 340 670 374 per
693 328 905 373 decipulum
938 329 1034 362 male
1065 327 1292 362 blandientis

365 387 502 432 eloquii
541 415 548 421 .
572 414 579 421 .
605 413 610 419 .
636 413 643 420 .
680 385 826 420 animae
870 384 1114 429 fragilitatem
1151 383 1292 428 gloriae

367 445 481 479 falsae
506 443 667 488 pondere
694 454 848 487 premas.
888 442 1140 484 ct2V11110,1.

230 502 313 538 VIII
332 502 402 537 11.1
424 514 431 535 :
458 500 583 535 votiva
610 528 616 534 .
634 527 640 533 .
660 527 667 534 .
693 499 827 533 studia.
867 499 909 541 cf.
928 498 978 532 IV
992 498 1057 539 ’5,2.

233 559 434 597 x'n111,3:
461 557 563 592 euius
600 556 773 590 interitus
804 566 964 590 amorem
996 566 1116 589 meum
1144 553 1294 588 summis

369 615 562 650 conficeret
579 613 791 657 angoribus.
817 612 962 647 etiamsi
987 623 1061 646 non
1085 622 1168 645 eum
1186 610 1294 645 rebus

368 671 539 707 humanis
565 671 619 704 vis
645 670 809 714 impacta
833 669 1027 714 rapuisset.

336 801 342 821 ι
369 785 601 820 metatoriam
618 784 793 829 paginam
808 782 912 827 quasi
929 794 1010 817 cum
1025 782 1130 816 Musa
1145 780 1295 826 praevia

370 843 463 877 misi.
503 843 545 885 cs.
565 842 595 875 V
612 842 698 878 lul.

233 902 317 937 VIII
334 903 370 935 11
387 912 413 934 ι’.
430 911 454 934 ι·.
471 900 490 934 4
511 913 516 934 :
545 899 684 943 stringe
711 908 852 932 comam
881 924 886 931 .
903 923 909 929 .
927 923 932 929 .
960 895 1066 931 vitta.

338 969 364 991 r.
379 959 426 992 6:
452 956 670 1000 succingant
695 953 851 988 hederae
879 952 1137 997 expeditiores.

339 1027 365 1049 1·.
381 1015 399 1048 7
417 1025 464 1058 sq.
484 1027 491 1048 ε
517 1024 593 1048 nec.
619 1014 661 1046 ut
686 1010 839 1051 solebat,

517 1070 600 1103 laxo
625 1080 689 1113 pes
714 1069 821 1101 natet
844 1067 941 1102 altus
967 1067 1005 1101 in
1031 1069 1197 1102 coturno.

340 1140 365 1162 r.
383 1131 426 1162 10
443 1141 450 1161 :
477 1127 605 1172 quales
631 1124 839 1170 Harpalyce
863 1136 889 1159 0.
906 1135 937 1168 (1.
954 1135 1023 1168 seq.

759 1265 782 1273 ..
797 1266 823 1278 .,
842 1238 905 1282 qui
924 1251 1012 1273 saxa
1033 1240 1070 1273 et
1087 1238 1216 1273 robora
1232 1265 1256 1273 ..
1271 1266 1278 1272 .
1290 1266 1297 1272 .

599 1308 753 1332 canorus
779 1298 868 1330 arte.
910 1297 954 1338 cf.
971 1307 997 1331 c.
1017 1296 1049 1330 Il
1066 1297 1107 1330 71
1125 1307 1194 1340 sqq.

340 1254 364 1276 r.
384 1243 424 1275 19
441 1253 508 1285 sqq.
524 1254 531 1275 :
551 1240 737 1284 Orpheum

374 1298 495 1333 mollit
520 1326 527 1334 .
543 1326 550 1333 .
566 1326 572 1331 .

341 1414 457 1446 1220:
491 1421 715 1454 corneasque
749 1409 867 1443 fibras.

373 1481 505 1504 cornea
531 1468 715 1511 fibraeque
740 1466 926 1511 glaciales.

342 1538 368 1560 r.
383 1528 423 1560 ‘21
447 1539 453 1559 :
479 1525 692 1569 dulciloqua
717 1551 747 1559 ..
773 1526 862 1558 arte.

931 1410 972 1452 eli
1002 1409 1050 1444 IV
1072 1410 1125 1452 1‚4
1149 1423 1156 1443 :
1190 1409 1299 1444 corda

342 1652 367 1673 r.
382 1642 426 1674 :32
445 1652 452 1673 ε
481 1638 636 1683 Arpinas
652 1665 659 1672 .
671 1665 677 1671 .
688 1664 695 1672 .
711 1640 865 1673 tonante
879 1638 1018 1684 lingua.
1045 1639 1089 1681 cf.
1101 1639 1199 1673 c.VII
1214 1639 1278 1673 175
1293 1651 1300 1672 z

375 1708 448 1741 quo
474 1695 647 1730 Cicerone
672 1696 790 1729 tonas.

343 1765 368 1787 r.
383 1754 427 1787 25
445 1766 452 1787 x
477 1752 635 1796 lyristes.
675 1752 717 1794 cf.
734 1753 750 1787 Ι
765 1753 831 1793 2,9.

345 1822 371 1845 ι’.
386 1812 428 1844 31
449 1823 456 1843 :
484 1809 682 1844 velivolum
710 1837 740 1844 ..
755 1837 762 1844 .
789 1810 1025 1844 Garumnam.

343 1869 428 1903 1-.46
446 1881 452 1901 z
478 1867 649 1902 botellus,

238 1928 322 1962 VIII
341 1927 414 1962 11.4
433 1939 440 1960 ε
467 1924 777 1968 adstruebamque
802 1924 964 1959 meliora.
1005 1925 1048 1966 cf.
1068 1924 1240 1966 V119‚13.

343 1997 349 2017 :
376 1994 493 2017 naevo
519 1981 760 2016 crudelitatis.
801 1981 843 2023 cf.
862 1982 974 2022 V3,‘2.

239 2042 323 2076 VIII
340 2042 442 2076 11.5:
469 2038 799 2081 hendecasyllabos
825 2038 985 2073 lubricos
1010 2041 1048 2073 et
1073 2039 1219 2075 enodes.

342 2169 349 2189 :
376 2155 607 2189 hexametros
634 2181 641 2187 .
657 2180 686 2188 ..
713 2153 965 2188 cothurnatos.

239 2270 326 2305 VIII
340 2270 417 2309 1153
436 2282 442 2302 :
470 2279 626 2302 vernans
645 2266 774 2301 verbis.
812 2267 852 2309 cll
872 2267 921 2301 IV
935 2269 1001 2308 32.
1029 2268 1080 2301 IX
1095 2268 1139 2302 13
1148 2278 1238 2311 apr.
1251 2267 1304 2302 12.

344 2339 351 2360 τ
378 2328 552 2360 aestuans
578 2324 684 2359 votis.
1191 2320 1203 2329 '

242 2385 326 2419 VIII
344 2384 419 2424 11,7
439 2397 446 2417 :
475 2383 608 2417 mellea
634 2410 662 2417 ..
680 2410 686 2417 .
713 2381 820 2416 salsa.
859 2381 902 2423 cf.
922 2381 989 2415 VII
1006 2382 1092 2423 1352.
1125 2382 1221 2423 129.

343 2453 350 2474 :
379 2441 550 2475 Flaccum
576 2442 722 2474 secutus
749 2467 756 2473 .
772 2466 779 2473 .
795 2466 802 2473 .
829 2438 866 2488 in
892 2438 1050 2473 iambico
1077 2438 1182 2473 citus.

377 2497 420 2539 cf.
439 2497 526 2532 VIII
542 2497 608 2537 42.

345 2569 351 2588 :
380 2554 602 2589 Horatianos
632 2555 670 2587 et
699 2552 913 2586 Pindaricos
945 2563 1093 2596 cygnos.
1140 2552 1180 2594 cll
1199 2552 1249 2585 IX
1265 2553 1308 2586 15

377 2622 404 2645 c.
427 2622 452 2644 r.
470 2611 525 2645 32.
574 2621 602 2645 c.
621 2610 743 2644 XXIII
757 2610 824 2644 454
841 2622 849 2643 ε
878 2608 1115 2643 Pindaricum
1141 2636 1148 2643 .
1165 2636 1171 2642 .
1187 2636 1195 2643 .
1221 2620 1308 2653 cyg-

382 2679 481 2700 num.

244 2724 330 2759 VIII
347 2725 422 2764 11‚9
441 2737 448 2757 z
474 2736 611 2758 annum
632 2734 793 2757 mensem
812 2723 985 2767 diemque
1003 2723 1188 2764 dixerunt,
1207 2734 1309 2767 quos,

381 2782 423 2814 ut
439 2781 551 2815 verbo
575 2781 782 2815 matheseos
807 2783 902 2823 utar,
929 2780 1195 2815 climactericos
1213 2781 1310 2815 esset

381 2838 585 2872 habiturus.

244 2897 329 2931 VIII
345 2897 443 2936 11‚13
462 2909 468 2929 :
496 2897 622 2930 secuta
639 2895 787 2939 quidem
813 2897 869 2929 est
886 2895 979 2930 ultio
998 2894 1204 2929 extinctum
1223 2921 1308 2929 .....

382 2953 556 2987 solacium
583 2952 773 2987 vindicari.

246 3011 331 3045 VIII
347 3011 444 3051 11,14
462 3023 469 3044 ε
497 3009 739 3044 tristitudine.

350 3137 356 3157 :
384 3135 543 3167 namque
569 3124 720 3157 confuso
748 3123 887 3168 pectori
914 3134 1065 3163 maeror,
1097 3124 1135 3156 et
1159 3121 1308 3166 quidem

384 3181 473 3222 iure,
498 3180 678 3225 plurimus
705 3182 798 3221 crat,
835 3192 915 3214 cum
942 3179 1089 3225 paginis
1115 3179 1187 3213 ista
1213 3191 1309 3213 com-

383 3238 569 3272 mitterem
594 3238 681 3271 sola.
726 3248 845 3281 neque
871 3237 967 3271 enim
992 3237 1082 3271 satis
1100 3236 1191 3270 mihi
1208 3236 1309 3270 aliud

384 3296 453 3330 hoc
477 3297 643 3339 tempore
669 3307 779 3329 manu
797 3305 962 3329 sermone
980 3293 1134 3329 consilio
1153 3292 1311 3328 scribere

386 3352 488 3396 loqui
514 3352 662 3386 volvere
688 3351 790 3385 libet.

248 3410 333 3453 VIII
352 3410 425 3451 12,1
445 3422 452 3443 :
479 3409 645 3454 opimata
669 3408 820 3443 vivariis
845 3410 975 3442 ostrea.

353 3537 359 3557 :
385 3523 520 3557 vereris
552 3523 590 3557 in
621 3523 754 3558 itinere
787 3524 931 3557 terreno
962 3522 1131 3566 pedestre
1162 3523 1311 3557 naufra-

385 3580 515 3626 gium‘?

1169 146 1275 181 LOCI
1301 145 1489 180 SIMILES

1363 328 1472 371 Apul.
1498 331 1570 362 met.
1592 328 1677 361 VIII
1691 330 1712 362 5
1733 341 1740 361 :
1767 327 1951 362 fraudium

1409 384 1548 419 fraudis
1575 412 1582 419 .
1598 411 1605 418 .
1620 412 1627 419 .
1652 383 1833 429 decipulo.

1972 355 1979 362 .
1996 355 2002 363 .
2019 355 2025 362 .
2044 327 2265 372 decipulum.
2309 327 2339 360 X
2354 327 2398 361 24
2416 340 2422 361 :

1367 554 1463 588 Plin.
1490 555 1593 595 11:2‚1
1614 567 1621 588 ε
1648 553 1806 588 decessit
1831 581 1838 588 .
1855 582 1860 588 .
1876 582 1883 589 .
1909 555 1947 588 et
1971 553 2120 597 quidem
2147 553 2296 597 sponte,
2329 552 2426 596 quod

1409 611 1571 646 dolorem
1599 622 1719 645 meum
1745 611 1942 645 exulcerat.
1991 609 2055 644 Est
2079 609 2176 644 enim
2200 608 2428 644 luctuosissi-

1412 679 1510 702 mum
1544 678 1661 712 genus
1695 667 1823 701 mortis
1857 678 1951 711 quae
1983 678 2057 702 non
2092 678 2135 701 ex
2168 666 2320 708 natura,
2362 676 2429 700 nec

1410 724 1537 759 fatalis
1562 724 1718 759 videtur.

1367 893 1459 929 Stat.
1485 894 1559 929 silc.
1585 893 1687 934 1175>
1703 904 1778 937 sq:
1805 895 1940 928 novate
1964 892 2090 934 vittas,
2123 892 2260 927 crinem
2285 892 2429 927 comite.

1365 951 1451 986 Stat.
1477 951 1550 985 silv.
1577 951 1611 985 II
1625 951 1729 989 7,11:
1756 950 1982 995 perfundant
2009 950 2167 985 hederae
2199 948 2430 984 recentiores.

1369 1007 1466 1043 Omd.
1485 1008 1526 1042 de
1550 1011 1616 1042 art.
1636 1007 1780 1042 amand.
1807 1008 1930 1043 1516:
1957 1019 2024 1042 nec
2049 1019 2166 1052 vagus
2190 1006 2230 1041 in
2255 1006 2340 1040 laxa
2365 1017 2430 1051 pes

1412 1064 1482 1099 tibi
1508 1065 1605 1109 pelle
1630 1066 1747 1099 natet.

1376 1121 1471 1166 Vera.
1491 1122 1580 1156 Aen.
1606 1122 1622 1156 I
1639 1122 1706 1157 316
1722 1132 1770 1166 sq.
1789 1134 1796 1156 :
1823 1121 1944 1166 qualis
1969 1133 2082 1166 equos
2100 1119 2272 1155 Threissa
2296 1120 2433 1165 fatigat

1413 1179 1631 1223 Harpalyce.
1668 1189 1693 1213 e.
1709 1189 1738 1223 q.
1757 1189 1826 1223 seq.

1367 1236 1456 1270 Hor.
1475 1247 1503 1270 c.
1528 1237 1544 1270 I
1565 1237 1640 1277 12‚7
1659 1247 1727 1280 sqq.
1747 1249 1754 1270 :
1781 1236 1968 1270 insecutae
2010 1235 2158 1280 Orphea
2197 1234 2313 1270 silvae
2352 1235 2432 1269 arte

1415 1294 1583 1328 materna
1610 1320 1616 1327 .
1632 1321 1639 1327 .
1655 1321 1661 1328 .
1686 1295 1893 1328 morantem
1911 1292 2103 1327 fluminum
2122 1293 2247 1337 lapsus
2274 1318 2281 1326 .
2298 1319 2304 1326 .
2321 1319 2328 1328 .
2353 1290 2433 1326 fidi-

1415 1351 1482 1385 bus
1508 1351 1661 1386 canoris.

1369 1409 1464 1444 Pers.
1489 1412 1554 1444 sat.
1579 1409 1678 1444 147:
1705 1419 1825 1452 neque
1851 1407 1945 1442 enim
1974 1407 2064 1441 mihi
2092 1418 2224 1442 cornea
2248 1406 2342 1441 fibra
2367 1407 2432 1441 est.

1370 1524 1480 1568 Apul.
1506 1523 1597 1567 apol.
1614 1534 1651 1566 1).
1677 1523 1742 1557 1⁶29
1765 1535 1772 1556 :
1806 1521 2041 1566 dulciloquus
2073 1520 2246 1555 calamus.
2297 1520 2433 1556 Auson.

1415 1579 1562 1624 append.
1589 1580 1639 1615 IV
1653 1582 1675 1614 ⁶2
1693 1593 1700 1614 :
1727 1578 1959 1623 dulciloquis,

1373 1637 1499 1672 Claud.
1526 1637 1666 1671 XL14:
1693 1636 1870 1672 Cicerona
1894 1637 2013 1670 tonas.

1380 1809 1476 1853 Very.
1502 1808 1591 1842 Aen.
1618 1809 1740 1843 1224:
1768 1819 1867 1842 mare
1891 1807 2103 1842 velivolum.

1375 1866 1487 1901 Mart.
1505 1866 1536 1900 V
1551 1866 1629 1908 78‚9
1648 1879 1655 1900 :
1680 1866 1851 1901 botellus.

1374 2039 1472 2072 le.
1497 2038 1524 2072 V
1541 2038 1617 2079 1752
1641 2050 1648 2071 ε
1682 2036 1796 2083 elegis
1829 2065 1836 2071 .
1857 2063 1864 2070 .
1884 2064 1891 2071 .
1924 2035 2124 2071 fluentibus
2157 2036 2195 2069 et
2227 2033 2363 2069 teneris
2398 2034 2437 2067 et

1420 2094 1611 2130 enodibus.

1376 2153 1488 2187 Mart.
1507 2152 1539 2186 V
1553 2152 1609 2193 5‚8
1627 2164 1635 2186 ε
1661 2151 1802 2196 grande
1818 2150 2031 2186 cothurnati
2049 2160 2146 2194 pone
2158 2147 2320 2183 Maronis
2335 2158 2437 2192 opus.

1418 2210 1460 2252 cf.
1487 2209 1547 2245 Ov.
1569 2209 1652 2252 fast.
1669 2209 1793 2243 V348.
1833 2208 1949 2243 Seme.
1974 2218 2023 2251 ep.
2049 2207 2116 2248 8,7.

1376 2324 1446 2359 Ct'c.
1471 2323 1540 2368 [ad
1561 2323 1668 2368 fam]
1686 2323 1845 2366 V1118‚1
1865 2335 1872 2356 :
1899 2321 2082 2357 desiderio
2107 2348 2114 2355 .
2132 2349 2139 2356 .
2155 2347 2162 2355 .
2188 2320 2366 2354 aestuare.

1376 2437 1466 2471 Hor.
1490 2447 1517 2470 c.
1544 2436 1676 2478 116‚24
1699 2447 1746 2480 sq.
1771 2448 1778 2469 :
1808 2437 1929 2470 fervor
1971 2437 2010 2469 et
2052 2435 2090 2469 in
2126 2435 2260 2470 celeres
2297 2433 2439 2468 iambos

1422 2493 1524 2528 misit
1548 2494 1742 2528 furentem.

1377 2551 1467 2586 Hor.
1483 2561 1511 2586 c.
1538 2551 1588 2585 IV
1601 2552 1680 2593 225
1698 2563 1705 2584 z
1731 2550 1925 2585 Dircaeum
1953 2578 1960 2585 .
1976 2577 1984 2584 .
1999 2577 2006 2584 .
2032 2561 2198 2593 cycnum.

1379 2721 1478 2756 Pam.
1502 2722 1536 2756 Π
1551 2722 1656 2763 20‚3:
1682 2721 1970 2756 climactericum
1995 2722 2153 2765 tempus.

1377 2892 1470 2926 Pam.
1496 2892 1639 2933 11114‚4
1663 2905 1670 2926 ε
1701 2903 1775 2926 non
1811 2891 1888 2926 sine
1923 2889 2076 2926 ultionis
2110 2889 2246 2924 solacio
2274 2888 2442 2928 decessit,

1424 2949 1479 2984 ita
1502 2949 1608 2984 vivus
1633 2949 1843 2984 vindicatus
1869 2950 1912 2982 ut
1935 2947 2045 2983 occisi
2071 2947 2202 2981 solent.

1379 3006 1509 3052 Symm.
1534 3007 1643 3041 11121
1669 3019 1677 3041 z
1708 3006 1910 3041 tristitudo.
1965 3005 2008 3047 cf.
2042 3004 2152 3048 Apul.
2180 3003 2273 3047 apol.
2304 3015 2339 3047 p.
2366 3002 2442 3037 155.

1422 3067 1500 3098 met.
1525 3064 1577 3098 III
1593 3063 1645 3097 11.

1381 3120 1579 3156 ‚leVHI
1597 3121 1708 3161 239:
1744 3119 1783 3154 in
1821 3119 1936 3154 tantis
1973 3117 2167 3153 tormentis
2205 3129 2322 3161 eram,
2359 3128 2442 3150 cum

1426 3178 1621 3213 scriberem
1657 3178 1766 3219 haec,
1809 3176 2004 3211 scriberem
2048 3175 2144 3215 sola;
2187 3185 2307 3219 neque
2344 3172 2441 3209 enim

1426 3248 1524 3270 nunc
1548 3234 1649 3269 aliud
1675 3235 1742 3269 aut
1766 3233 1931 3279 cogitare
1955 3234 2022 3268 aut
2046 3231 2150 3276 loqui
2176 3242 2334 3276 possum.

1381 3292 1506 3328 From.
1525 3303 1562 3336 p.
1581 3292 1730 3333 236‚15:
1757 3292 1894 3325 ferreus
1925 3290 1955 3324 si
1986 3300 2120 3331 essem,
2154 3289 2262 3333 plura
2287 3286 2444 3322 scribere

1427 3361 1501 3383 non
1525 3360 1669 3393 possem
1694 3348 1765 3383 isto
1791 3347 1830 3382 in
1855 3349 2031 3392 tempore.

1381 3407 1518 3442 Auson.
1537 3406 1578 3440 E
1596 3406 1665 3440 VH
1678 3405 1733 3446 2‚1
1757 3415 1805 3449 sq.
1831 3417 1838 3439 :
1871 3405 1992 3439 ostrea
2018 3430 2025 3438 .
2047 3430 2054 3437 .
2077 3429 2108 3444 .,

1427 3475 1506 3498 rum
1535 3490 1563 3497 ..
1580 3490 1587 3496 .
1614 3462 1653 3497 in
1678 3461 1820 3507 stagnis
1848 3488 1875 3496 ..
1891 3488 1899 3495 .
1926 3459 2038 3494 maris
2061 3460 2185 3493 aestus
2210 3457 2363 3502 opimat.

1383 3521 1470 3556 Sall.
1496 3520 1575 3564 Iuy.
1602 3520 1705 3561 79‚6:
1731 3519 1825 3553 solet
1854 3517 1893 3551 in
1923 3516 1998 3551 illis
2031 3515 2121 3551 locis
2155 3515 2194 3559 (i.
2211 3525 2237 3549 e.
2263 3514 2301 3548 in
2327 3511 2444 3557 Syrti-

1426 3577 1510 3621 bus)
1543 3577 1744 3621 tempestas
1775 3574 1875 3609 haud
1906 3584 2008 3609 secus
2032 3574 2146 3618 atque
2176 3571 2215 3605 in
2239 3569 2333 3605 mari
2357 3567 2445 3603 reti-

1427 3646 1524 3673 nere.

2146 3412 2242 3446 quae
2277 3398 2443 3434 Medulo-
