2583 4011
985 227 1125 262 LIBER
1152 227 1554 272 V11,6§⁸-s§1.
2295 236 2364 274 111

169 347 440 404 publicorum
474 359 593 388 arma
625 344 827 386 remorati
859 349 980 386 sunt:
1015 344 1080 385 cui
1115 358 1247 399 saepe
1282 344 1442 399 populo
1467 344 1636 385 Gothus
1671 360 1752 386 non
1787 347 1863 387 fuit
1899 348 2044 388 clauso
2080 349 2186 390 intra
2212 350 2381 390 moenia

169 416 402 465 formidini,
436 430 531 457 cum
565 415 757 456 vicissim
792 415 886 470 ipse
920 414 1042 455 ficret
1077 413 1450 468 oppugnatoribus
1486 415 1637 467 positis
1671 415 1779 455 intra
1815 421 1955 456 castra
1983 419 2148 458 terrori.
2204 418 2378 460 bisunt.

169 485 239 540 qui
283 484 363 525 sibi
407 484 616 525 adversus
656 483 894 524 vicinorum
937 482 1074 522 aciem
1108 486 1195 522 tam
1229 481 1363 523 (luces
1398 481 1517 522 fuere
1551 496 1677 536 quani
1713 484 1893 525 milites:
1939 484 1990 524 111·
2024 500 2204 539 quorum
2238 494 2379 528 tanwn

171 558 288 595 sorte
321 553 607 595 certaminum
641 552 676 593 si
709 551 810 607 quid
833 565 1090 607 prosperum
1117 551 1260 600 cessit,
1295 564 1371 591 vos
1397 550 1586 591 secunda
1613 551 1752 591 solata
1776 559 1889 595 sunt.
1922 554 1954 592 si
1979 554 2078 607 quid
2105 557 2379 598 contram-iuni.

114 640 128 662 .-·.
167 623 264 664 illos
312 622 498 664 adversa
539 621 776 676 fregerunt.
839 621 898 661 illi
937 634 1083 661 amore
1127 620 1186 661 rei
1223 619 1422 675 publicae
1457 619 1715 661 Seronatum
1760 620 1955 662 barbaris
1997 624 2235 676 provinc-ias
2279 640 2376 680 pro-

98 984 130 1008 10

93 1676 126 1700 20

95 2552 128 2577 30

170 692 393 748 pinantem
426 705 512 732 non
556 691 793 732 timuerunt
836 689 1006 744 legibus
1050 689 1244 733 tradere.
1289 703 1415 744 quem
1460 690 1704 731 convictum
1749 689 1954 745 deinceps
1995 706 2061 731 res
2098 693 2266 746 publica
2310 694 2377 734 vix

168 761 462 817 praesumpsit
501 759 715 802 occidere.
778 758 958 799 hoccine
992 764 1244 801 meruerunt
1277 759 1420 815 inopia
1454 759 1646 804 flamma,
1690 760 1848 800 ferrum
1884 761 2154 815 pestilentia.
2199 763 2378 816 pingues
2425 767 2431 800 ἱ

167 829 378 871 caedibus
434 829 566 883 gladii
615 834 659 870 et
702 828 835 869 macri
885 828 1056 869 ieiuniis
1112 829 1430 884 proeliatores?
1504 834 1682 884 propter
1729 828 1856 868 liuius
1904 835 1988 869 tani
2038 830 2209 870 inclita(-
2261 832 2379 885 paris

169 899 522 955 expectationem
555 898 730 939 avulsas
762 897 1002 938 muralibus
1035 897 1154 939 rimis
1188 898 1348 939 herbas
1382 898 1423 939 in
1459 898 1602 939 cibum
1638 897 1862 939 traximus.
1898 897 2050 938 erebro
2083 913 2160 954 per
2183 900 2378 952 ignoran-

167 969 270 1010 tiam
316 967 544 1009 venenatis
595 965 862 1022 graminibus
905 966 1074 1015 infccti,
1127 981 1238 1022 quae
1287 966 1534 1008 indiscretis
1577 966 1691 1007 foliis
1737 967 1936 1021 sucisque
1981 967 2209 1008 viridantia
2253 983 2381 1022 saep(-

165 1051 319 1079 manus
367 1037 483 1078 fame
530 1036 732 1077 concolor
778 1036 909 1090 legit‘!
973 1050 1049 1092 pro
1098 1035 1164 1076 his
1213 1040 1273 1076 tot
1322 1036 1539 1090 tantisque
1587 1035 1830 1077 devotionis
1880 1036 2190 1092 experimentis
2237 1038 2381 1080 nostri.

166 1110 374 1162 quantum
413 1105 565 1157 audio,
608 1106 724 1147 facta
762 1105 927 1146 iactura
959 1109 1053 1146 cst?
1115 1104 1278 1160 pudeat
1309 1119 1408 1155 vos,
1452 1119 1695 1160 precamur,
1739 1105 1866 1146 huius
1899 1105 2110 1151 foederis,
2153 1119 2232 1145 nec
2266 1106 2382 1145 utilis

166 1189 246 1217 nec
279 1175 438 1217 decori.
493 1189 570 1230 per
603 1189 678 1215 vos
711 1174 956 1228 legationes
990 1179 1156 1216 meant:
1191 1174 1316 1216 vobis
1349 1174 1535 1230 primum
1570 1189 1655 1230 pax
1690 1188 1949 1229 quamquam
1981 1175 2174 1230 principe
2201 1174 2382 1215 absent«-

165 1259 250 1286 non
284 1245 424 1286 solum
456 1248 644 1286 tractata
678 1247 912 1294 reseratur,
947 1256 1094 1284 verum
1129 1243 1258 1284 etiam
1293 1242 1523 1285 tractanda
1555 1244 1845 1285 committitur.
1901 1244 2126 1285 veniabilis
2151 1244 2216 1294 sit,
2249 1257 2381 1298 quae-

116 1330 128 1351 ··
168 1328 331 1367 sumus,
365 1313 479 1369 apud
513 1327 639 1355 aures
664 1318 832 1355 vestras
856 1312 1054 1354 veritatis
1088 1313 1316 1368 asperitas7
1349 1313 1417 1353 cui
1452 1313 1633 1354 convicii
1668 1312 1870 1354 invidiam
1896 1312 2018 1354 dolor
2040 1313 2176 1367 cripit.
2230 1326 2378 1367 parum

165 1384 207 1425 in
248 1397 478 1425 commune
525 1383 770 1427 consulitis:
820 1387 881 1430 et.v
923 1396 1020 1424 cum
1053 1383 1095 1423 in
1130 1383 1358 1424 concilium
1391 1382 1656 1427 convenitis,
1701 1396 1787 1423 non
1820 1386 1905 1422 tam
1941 1395 2067 1422 curae
2101 1386 2166 1422 est
2198 1381 2382 1436 publicis

163 1452 330 1495 mederi
370 1453 580 1509 periculis
620 1466 748 1507 quam
791 1452 973 1508 privatis
1013 1451 1189 1493 studere
1232 1451 1438 1494 fortunis:
1482 1450 1596 1506 quod
1629 1451 1778 1506 utique
1813 1464 1946 1506 saepe
1979 1449 2139 1505 diuque
2172 1450 2381 1490 facientes

164 1523 250 1564 iam
282 1536 369 1564 non
403 1521 527 1578 primi
563 1521 994 1577 comprovincialium
1027 1520 1234 1576 coepistis
1269 1534 1379 1569 esse„
1413 1520 1491 1561 sed
1515 1520 1670 1563 ultimi.
1724 1524 1768 1561 at
1792 1533 2019 1574 quousque
2043 1519 2153 1560 istae
2175 1522 2381 1573 poterunt
2428 1545 2435 1555 .

163 1591 320 1633 durare
363 1590 658 1647 praestigiae?
720 1605 806 1632 non
845 1591 961 1633 enim
1003 1589 1165 1631 diutius
1208 1589 1289 1645 ipsi
1334 1589 1520 1631 maiores
1562 1589 1697 1630 nostri
1737 1588 1818 1630 hoc
1862 1589 2034 1629 nomine
2068 1587 2381 1642 gloriabuntur.

163 1661 236 1716 qui
281 1660 473 1702 minores
521 1659 735 1716 incipiunt
780 1674 867 1702 non
915 1659 1093 1701 habere.
1164 1662 1432 1714 quapropter
1476 1658 1546 1699 vel
1595 1657 1795 1707 oonsilio,
1844 1671 1928 1712 quo
1972 1657 2175 1712 potestis.
2224 1660 2383 1696 statum

164 1729 420 1771 concordiae
453 1732 540 1770 tam
574 1729 713 1785 turpis
746 1729 937 1771 incidite.
991 1728 1146 1781 adhuc,
1182 1728 1217 1770 si
1250 1742 1434 1770 neccsse
1469 1733 1549 1780 est,
1586 1727 1793 1778 obsideri,
1828 1727 1968 1768 adhuc
2001 1740 2210 1782 pugnare,
2244 1724 2382 1766 adhuc

164 1799 330 1842 esurire
372 1798 578 1841 delectat.
640 1799 810 1841 sivero
856 1798 1079 1851 tradimur,
1122 1798 1193 1854 qui
1236 1812 1322 1839 non
1359 1798 1577 1854 potuimus
1610 1797 1774 1838 viribus
1807 1795 2012 1845 obtineri,
2058 1795 2275 1835 invenisse
2308 1807 2383 1834 vos

165 1872 331 1910 eertum
374 1872 441 1910 est
481 1867 584 1924 quid
624 1868 858 1910 barbarum
900 1868 1142 1911 suaderetis
1184 1868 1344 1923 ignavi.
1406 1867 1483 1909 scd
1526 1881 1602 1908 cur
1642 1866 1779 1908 dolori
1823 1866 1953 1907 nimio
1992 1865 2115 1907 frena
2157 1865 2381 1905 laxamus?

163 1938 265 1994 quin
307 1937 452 1994 potius
497 1938 709 1993 ignoscite
753 1938 926 1980 afflictis
969 1952 1048 1979 nec
1091 1938 1302 1994 imputate
1336 1936 1648 1978 maerentibus.
1712 1950 1897 1991 namque
1941 1935 2026 1976 alia
2066 1935 2186 1989 regio
2226 1932 2384 1974 tradita

122 2033 127 2046 ‚
165 2007 388 2049 servitium
432 2011 601 2063 sperat,
643 2007 845 2050 Arverna
885 2007 1163 2063 supplicium.
1225 2021 1329 2049 sane
1372 2007 1408 2048 si
1448 2006 1659 2048 medicari
1700 2006 1859 2047 nostris
1900 2005 2064 2046 ultimis
2098 2018 2181 2045 non
2214 2003 2381 2045 valetis.

165 2077 322 2118 saltem
355 2077 439 2119 hoc
472 2077 633 2119 efficite
666 2091 798 2133 prece
833 2076 999 2129 sedula,
1033 2081 1080 2118 ut
1104 2077 1283 2132 sanguis
1307 2076 1439 2129 vivat,
1475 2089 1655 2132 quorum
1679 2079 1745 2116 est
1767 2075 1977 2115 moritura
2001 2074 2199 2115 libertas:
2232 2075 2383 2127 parate

164 2145 369 2188 exulibus
410 2149 593 2197 terram,
637 2146 861 2202 capiendis
899 2145 1269 2202 redemptionem,
1310 2145 1516 2187 viaticum
1560 2144 1921 2201 peregrinaturis.
1984 2143 2018 2184 si
2052 2156 2198 2183 murus
2236 2144 2383 2182 noster

164 2215 358 2271 aperitur
402 2215 624 2268 hostibus,
676 2230 762 2258 non
812 2216 867 2258 sit
917 2216 1092 2258 clausus
1132 2219 1280 2258 vester
1328 2214 1588 2271 hospitibus,
1657 2228 1822 2256 memor
1867 2213 2001 2255 nostri
2048 2226 2145 2253 csse
2185 2210 2380 2265 dignare,

164 2284 337 2327 donnne
371 2298 498 2341 papa.

1211 2431 1338 2474 VIII.

518 2535 802 2578 SIDONIUS
835 2535 1075 2578 DOMINO
1107 2535 1307 2578 PAPAE
1341 2535 1701 2577 EUPHRONIO
1737 2533 2031 2577 SALUTEM.

310 2623 655 2696 QUANDOQt-mssm
686 2660 757 2688 me
791 2646 1006 2688 clericalis
1040 2646 1171 2687 officii
1203 2645 1377 2687 vincula
1408 2645 1559 2700 ligant,
1592 2645 1895 2686 felicissimum
1926 2641 2235 2685 mediocritatis
2257 2654 2379 2681 meae

164 2718 325 2756 statum
371 2715 718 2771 pronuntiarem,
772 2717 807 2757 si
849 2717 974 2758 nobis
1023 2715 1291 2758 haberentur
1336 2729 1465 2770 quam
1509 2715 1727 2756 territoria
1769 2713 1909 2754 vicina
1950 2717 2038 2754 tam
2081 2710 2263 2753 moenia.
2325 2708 2378 2750 de

163 2784 354 2826 minimis
395 2784 601 2826 videlicet
644 2785 775 2828 rebus
821 2800 1025 2829 eoronam
1066 2790 1186 2828 tuam
1224 2785 1517 2840 maximisque
1562 2784 1856 2834 consulerem,
1904 2782 2116 2836 fieretque
2161 2779 2377 2821 actionum

305 2969 322 3004 1
349 2973 562 3025 rememorati
588 2971 641 3004 F¹
749 2971 866 3005 clausa
893 2971 923 3004 C
1077 2968 1100 3002 2
1124 2969 1328 3003 terr**ori*
1354 2967 1394 3010 (it
1418 2974 1448 3002 et
1476 2969 1485 3001 i
1510 2974 1546 3001 ut
1571 2981 1601 3002 v.
1628 2979 1717 3002 eras.
1747 2968 1808 3010 02)
1837 2967 1866 3000 C
1967 2966 2015 2998 hii
2041 2964 2078 2998 F
2222 2962 2245 2995 4
2268 2968 2378 2995 conta-

165 3051 296 3085 minum
315 3051 346 3085 G
422 3062 622 3096 prosperum
649 3049 687 3093 (u
712 3051 747 3084 in
771 3063 843 3086 ras.
861 3052 906 3084 M
915 3051 939 3095 ¹)
957 3051 1002 3084 M
1138 3049 1160 3083 ἴ)
1184 3062 1210 3083 r.
1230 3062 1261 3093 p.
1283 3050 1312 3082 C
1390 3049 1577 3093 provintias
1594 3048 1631 3081 F
1763 3047 1784 3079 (3
1809 3045 1969 3080 deincebs
1990 3046 2018 3077 (J
2148 3044 2170 3073 8
2194 3043 2308 3095 macrii
2327 3041 2379 3074 ]‹'¹

165 3138 234 3166 tam
259 3133 393 3176 scripsi,
425 3137 539 3166 tamen
564 3133 673 3166 MOF
855 3131 900 3165 10
923 3132 1139 3177 graminibus
1164 3131 1215 3172 M,
1248 3130 1463 3174 graminibus
1491 3130 1519 3162 (J
1655 3128 1834 3170 succisque
1863 3127 1892 3159 (J
2074 3124 2113 3157 11
2143 3124 2247 3156 nostri
2271 3123 2381 3165 1-11190,

165 3214 291 3248 nostris
316 3213 424 3247 MCF
559 3212 605 3246 12
629 3215 775 3248 foederis
802 3213 833 3258 (r
857 3215 894 3248 in
918 3225 988 3248 ras.
1019 3213 1082 3255 0²)
1111 3213 1140 3246 O
1275 3210 1318 3244 13
1345 3221 1539 3254 quanquam
1565 3209 1603 3242 F
1747 3206 1790 3240 14
1816 3211 2009 3239 reserantur
2035 3204 2071 3247 (n
2096 3216 2183 3237 eras,
2209 3203 2248 3235 M
2261 3204 2286 3245 ¹)
2312 3202 2384 3234 MC

166 3295 392 3364 cqiinittuntur
412 3293 441 3326 Ο
507 3292 745 3370 ᾳηειθευῐηυεὲ
757 3293 794 3337 (ῖς
815 3294 880 3328 OF
993 3293 1037 3328 15
1062 3299 1145 3338 aput
1162 3292 1199 3325 F
1264 3292 1363 3325 cuius
1386 3290 1450 3324 CF
1515 3290 1655 3323 convitii
1674 3288 1711 3321 F
1776 3288 1876 3331 eripit
1904 3288 1971 3329 (pr.
1997 3287 2005 3318 i
2024 3297 2112 3318 corr.
2130 3296 2171 3317 em
2188 3296 2211 3317 u
2231 3283 2309 3318 Δ111)
2330 3283 2379 3322 M,

166 3375 275 3418 erepit
301 3374 349 3407 0¹
525 3374 570 3408 16
595 3376 740 3409 concilio
765 3375 810 3407 M
816 3376 839 3418 ¹,
870 3376 1014 3409 coneilio
1043 3375 1073 3408 Ο
1198 3379 1249 3421 est
1279 3384 1344 3406 om.
1370 3371 1443 3404 MC
1615 3368 1657 3402 17
1684 3370 1847 3403 facientes
1880 3368 2006 3410 diuque
2034 3366 2063 3398 Ο
2234 3364 2277 3397 18
2302 3375 2378 3396 con-

167 3456 429 3498 provincialium
457 3455 493 3495 0,
520 3456 852 3499 comprovintialium
877 3455 916 3488 F
1028 3455 1087 3489 sed
1110 3425 1209 3487 ultiml
1224 3453 1298 3494 Μ’,
1321 3452 1431 3485 seduli
1459 3451 1495 3493 C',
1519 3457 1546 3482 -J
1570 3450 1682 3483 ultimi
1707 3449 1744 3482 F
1858 3452 1917 3480 aut
1944 3446 2016 3479 MC
2174 3443 2220 3476 ‘20
2243 3443 2380 3475 minoris

169 3534 244 3577 (alt.
262 3537 273 3568 i
290 3548 379 3569 corr.
401 3536 438 3568 in
454 3547 473 3569 0
490 3535 535 3568 M
540 3535 567 3578 ¹)
587 3536 628 3568 M
632 3536 661 3569 C'
785 3534 830 3568 23
855 3533 1057 3578 suaderetis]
1084 3534 1293 3568 adiuvaretis
1309 3532 1498 3565 Mommsen
1623 3529 1666 3564 24
1685 3529 1884 3583 impunitate
1901 3528 1947 3560 0¹
2027 3525 2256 3559 maerentibus
2274 3535 2336 3555 (¹771.
2354 3523 2382 3553 (J

167 3613 213 3648 25
237 3615 420 3650 servicium
440 3616 469 3649 Ο
548 3617 751 3660 supplitium
769 3616 807 3648 F
930 3615 975 3648 2ss
1000 3616 1112 3649 saltim
1131 3615 1159 3647 C
1284 3611 1329 3645 28
1354 3623 1427 3645 esse
1448 3612 1589 3655 dignare
1606 3612 1740 3645 domine
1760 3621 1849 3653 papa
1865 3619 1930 3641 0111.
1945 3606 2054 3638 MUF
2172 3604 2219 3636 30
2243 3603 2377 3635 domino

168 3707 233 3729 om.
249 3696 287 3729 F
373 3698 603 3731 EVFRONIO
624 3697 683 3730 TO
759 3697 905 3730 salutem
922 3708 986 3729 om.
1002 3696 1039 3728 F
1164 3693 1206 3726 31
1234 3705 1328 3726 meae
1345 3704 1408 3725 om.
1423 3693 1456 3725 P
1585 3691 1629 3724 32
1654 3690 1913 3735 pronunciarent
1932 3686 2036 3719 LMc'
2117 3691 2184 3717 tam
2202 3695 2290 3715 eras.
2305 3682 2345 3713 M
2354 3683 2379 3722 ²,

170 3788 232 3810 om.
249 3777 290 3819 P,
313 3749 335 3821 a
358 3777 391 3810 T
524 3776 569 3810 33
593 3778 766 3812 videllicet
790 3778 821 3811 L

2426 1866 2450 1902 (1
