2583 4011
1029 168 1110 202 XVI
1141 180 1169 202 ν.
1198 168 1242 202 32
1267 187 1308 191 -
1336 180 1366 203 V.
1400 169 1473 203 117,
2270 168 2343 206 241

632 287 703 328 ille
736 286 827 328 tibi.
888 286 941 326 sit
972 285 1083 331 lans,
1117 285 1150 324 si
1185 284 1272 325 labi
1309 284 1457 333 noluit,
1491 284 1605 324 eius:

632 370 730 397 nam
765 354 879 410 quod
914 367 992 395 nec
1026 353 1179 409 potuit,
1213 358 1348 393 totum
1383 351 1435 392 ad
1469 356 1510 392 te
1544 352 1635 392 iure
1671 351 1894 392 redundat.

633 429 860 480 praeterea
895 422 1008 478 quod
1043 436 1110 463 me
1145 421 1310 477 pridem
1346 421 1475 462 Reios
1511 421 1772 462 venientem.

634 508 729 535 cum
763 493 960 548 Procyon
994 492 1171 541 fureret,
1205 505 1300 531 cum
1335 490 1438 531 solis
1472 489 1657 530 torridus
1692 490 1805 543 ignis

562 574 593 593 ³⁰
636 562 858 604 flexilibus
894 562 1012 603 rimis
1046 561 1243 602 sitientes
1277 560 1488 600 scriberet
1522 574 1663 614 agros.

635 633 806 688 hospite
841 638 882 674 te
917 636 1086 673 nostros
1121 630 1296 686 excepit
1329 629 1527 685 protinus
1560 633 1709 670 aestus

634 716 736 757 pax,
769 701 935 743 domus.
969 700 1136 746 umbra,
1172 700 1302 750 latex,
1337 698 1600 744 benedictio,
1636 712 1800 742 mensa,
1835 698 1992 738 cubile.

635 771 834 812 omnibus
868 776 1059 812 attamen
1093 770 1160 811 his
1194 775 1258 811 sat
1292 774 1485 825 praestat
1518 768 1631 824 quod
1668 767 1856 808 voluisti.

636 845 681 881 ut
715 845 891 882 sanctae
928 841 1076 881 matris
1111 844 1308 881 sanctum
1343 853 1513 894 qnoque
1549 838 1679 878 limen
1715 836 1891 878 adirem.

561 920 592 941 Ξῖ·
638 909 820 965 derigui.
854 910 1007 954 fateor,
1043 909 1144 950 mihi
1180 909 1381 950 conscius
1415 913 1544 962 atquc
1578 911 1759 962 repente

637 980 766 1021 tinxit
798 979 1053 1020 adorantem
1088 978 1245 1035 pavido
1280 978 1522 1019 reverentia
1559 977 1744 1017 vultum:

638 1065 717 1092 nec
751 1064 877 1091 secus
912 1049 1130 1099 intremui,
1164 1062 1292 1103 quam
1327 1048 1361 1088 si
1396 1061 1465 1088 me
1499 1048 1609 1087 forte
1643 1045 1872 1087 Rebeccae

637 1120 775 1161 Israel
809 1124 884 1160 aut
917 1119 1093 1160 Samuel
1129 1118 1309 1159 crinitus
1344 1117 1526 1158 duceret
1561 1116 1730 1157 Annae.

639 1193 904 1245 quapropter
936 1194 978 1230 te
1012 1189 1080 1229 vel
1116 1188 1226 1229 votis
1260 1188 1353 1228 sine
1387 1188 1470 1228 line
1505 1187 1702 1227 colentes

563 1270 596 1292 ‘³¹¹
640 1259 843 1300 affectum
878 1271 1081 1313 magnum
1116 1271 1193 1313 per
1226 1256 1416 1297 carmina
1452 1269 1587 1311 parva
1619 1255 1818 1296 fatemur.

703 1326 791 1369 Seu
823 1332 865 1368 te
898 1327 1146 1368 flammatae
1181 1331 1322 1382 syrtes
1356 1331 1399 1367 et
1432 1325 1651 1381 inhospita
1683 1329 1837 1379 tesqua

640 1411 715 1438 scu
749 1410 885 1438 caeno
918 1395 1131 1437 viridante
1164 1396 1290 1451 palus
1325 1410 1402 1437 seu
1436 1396 1558 1450 nigra
1592 1408 1771 1436 recessu

643 1467 853 1508 incultum
886 1480 1012 1522 mage
1048 1480 1155 1507 saxa
1186 1470 1350 1515 tenent,
1384 1465 1455 1506 ubi
1491 1465 1582 1505 sole
1616 1468 1779 1504 remoto

641 1550 833 1578 concava
865 1536 1104 1591 longaevas
1138 1539 1368 1577 asservant
1399 1538 1524 1575 antra
1556 1532 1786 1575 tenebras:

565 1615 597 1638 05
643 1620 720 1648 seu
753 1611 795 1648 te
828 1605 1074 1661 praeruptis
1107 1608 1310 1660 porrecta
1342 1604 1383 1644 in
1418 1602 1598 1658 rupibus
1632 1602 1758 1657 Alpis

642 1675 886 1717 succinctos
917 1674 1062 1730 gelido
1095 1674 1302 1715 libantem
1331 1673 1523 1728 caespite
1558 1686 1746 1723 somnos,

642 1744 922 1793 anachoreta,
955 1743 1103 1785 tremit
1135 1743 1266 1798 (quae
1301 1755 1564 1798 quamquam
1598 1741 1760 1796 frigora
1793 1743 1952 1795 portet.

644 1818 904 1870 conceptum
937 1813 1101 1855 Christi
1133 1826 1368 1868 numquam
1402 1812 1549 1853 domat
1581 1811 1655 1852 illa
1688 1808 1910 1863 calorem).

645 1899 730 1940 qua
762 1898 877 1926 nunc
909 1883 1078 1934 Helias,
1113 1897 1225 1924 nunc
1259 1887 1301 1925 te
1334 1881 1456 1923 iubet
1489 1881 1551 1923 ire
1584 1880 1816 1925 Iohannes,

554 1964 603 1987 1⁰0
645 1968 759 1994 nunc
791 1953 876 1995 duo
909 1953 1104 2004 Macarii,
1138 1966 1252 1994 nunc
1287 1955 1330 1994 et
1362 1951 1632 2006 Paphnutius
1665 1950 1808 1994 heros,

645 2038 758 2065 nunc
782 2022 855 2075 Or,
889 2037 1003 2064 nunc
1033 2023 1234 2071 Ammon,
1266 2035 1380 2062 nunc
1415 2020 1628 2069 Sarmata,
1663 2032 1776 2059 nunc
1808 2017 2026 2058 llil-arion.

645 2107 758 2134 nunc
792 2097 919 2134 vocat
951 2093 993 2133 in
1028 2092 1175 2133 tunica
1207 2090 1347 2132 nudus
1380 2094 1422 2131 te
1456 2089 1675 2130 Antonius
1710 2087 1799 2134 illa,

647 2177 774 2218 quam
805 2162 908 2204 fecit
939 2162 1111 2218 palmae
1144 2161 1259 2202 foliis
1293 2173 1447 2201 manus
1481 2159 1595 2199 alma
1626 2156 1847 2212 magistri:

647 2245 726 2273 seu
758 2235 800 2272 te
833 2230 1008 2271 Lirinus
1039 2230 1229 2285 priscum
1262 2228 1492 2283 complexa
1522 2229 1752 2282 parentem
1786 2230 1866 2266 est.

556 2311 602 2334 1¹³⁵
649 2315 734 2356 qua
766 2304 812 2341 tu
844 2301 928 2341 iam
961 2299 1126 2341 fractus
1161 2313 1236 2354 pro
1269 2311 1429 2353 magna
1463 2310 1595 2351 saepe
1629 2295 1775 2351 quiete

649 2370 873 2427 discipulis
906 2370 1070 2412 servire
1103 2369 1225 2411 venis
1258 2369 1418 2423 vixque
1452 2367 1541 2408 otia
1572 2366 1723 2415 somni,

647 2441 721 2482 vix
753 2444 902 2482 coctos
936 2443 1115 2495 capture
1149 2438 1269 2480 cibos
1301 2436 1543 2479 abstemius
1577 2450 1733 2477 aevum

648 2510 771 2552 ducis
805 2514 849 2551 et
881 2509 1057 2551 insertis
1089 2508 1235 2564 pingis
1267 2507 1432 2549 ieiunia
1464 2506 1659 2562 psalmis,

650 2579 858 2620 fratribus
892 2579 1132 2630 insinuans,
1165 2581 1349 2633 quantos
1383 2576 1458 2617 illa
1490 2575 1634 2616 insula
1666 2575 1792 2630 plana

560 2659 608 2683 110
652 2649 818 2690 miserit
850 2649 893 2689 in
926 2648 1096 2689 caelum
1129 2650 1314 2697 montes,
1348 2660 1460 2701 quae
1494 2647 1648 2686 sancta
1681 2643 1860 2699 Caprasi

651 2718 740 2759 vita
773 2717 889 2759 senis
922 2717 1180 2772 iuvenisque
1214 2716 1341 2772 Lupi,
1375 2729 1485 2770 quae
1520 2713 1660 2769 gratia
1693 2716 1860 2768 patrem

652 2787 811 2828 mansit
842 2786 1132 2837 Honoratum,
1167 2786 1295 2827 fuerit
1326 2785 1422 2840 quis
1456 2783 1675 2825 Maximus
1709 2782 1796 2833 ille,

652 2857 805 2898 urbem
838 2860 884 2897 tu
917 2856 1040 2897 cuius
1072 2855 1396 2909 monachosque
1429 2853 1614 2894 antistes
1648 2855 1692 2893 et
1723 2851 1860 2891 abbas

654 2927 720 2968 bis
756 2939 985 2967 successor
1016 2925 1124 2980 agis,
1160 2925 1388 2966 celebrans
1422 2936 1594 2978 quoque
1626 2921 1830 2962 laudibus
1866 2921 1950 2961 illis

562 3007 610 3031 11⁵
654 2995 862 3037 Eucherii
894 2995 1113 3036 venientis
1146 2995 1242 3044 iter,
1277 2993 1502 3035 redeuntis
1535 2990 1697 3032 Hilari:

656 3080 732 3107 scu
766 3069 809 3106 te
843 3065 1101 3105 commissus
1134 3064 1322 3120 populus
1354 3066 1474 3104 tenet
1507 3065 1552 3103 et
1583 3061 1724 3101 minor
1755 3059 1889 3101 audet

307 3206 348 3240 77
366 3205 486 3249 totum]
505 3213 613 3239 totum
631 3206 695 3238 hoc
716 3205 747 3237 T
861 3203 903 3237 Ῑὸ
923 3205 1080 3237 veniente
1096 3204 1196 3245 vulgso
1314 3200 1360 3235 80
1374 3203 1418 3244 cf.
1433 3201 1526 3243 epist.
1543 3214 1577 3242 p.
1593 3202 1649 3240 22,
1666 3202 1704 3232 13
1820 3199 1863 3231 81
1883 3204 1916 3231 te
1934 3210 1997 3230 om.
2010 3197 2046 3229 F
2158 3194 2201 3227 Sl
2222 3196 2335 3227 lumen
2354 3194 2389 3226 1³

167 3266 212 3300 85
244 3267 376 3310 ‹lerigui
406 3266 543 3308 scripsi;
575 3265 702 3307 dirigui
727 3263 824 3296 codd.
989 3260 1032 3294 87
1066 3263 1094 3294 si
1125 3260 1188 3302 me]
1223 3262 1296 3293 sine
1321 3260 1358 3292 F
1520 3258 1566 3291 88
1596 3259 1719 3291 israhel
1745 3258 1787 3297 Ι),
1824 3256 1971 3289 hisrahel
2000 3256 2028 3287 (J
2143 3253 2295 3285 samuhel
2329 3252 2387 3284 ΤΟ

169 3326 312 3357 ducerat
329 3324 367 3356 F
490 3322 535 3355 90
560 3323 718 3355 effectum
738 3321 807 3353 PT
930 3319 973 3352 91
1001 3321 1194 3352 flammante
1212 3318 1250 3351 F
1328 3317 1524 3359 inospitates
1548 3328 1638 3358 aqua
1656 3315 1721 3356 P1,
1745 3315 1944 3357 inospitates
1969 3324 2039 3355 qua
2056 3311 2108 3343 P'-'
2239 3308 2282 3341 92
2308 3309 2383 3340 viri-

169 3384 296 3416 ditante
307 3383 340 3415 P
350 3382 359 3401 ¹
425 3382 501 3425 plus
512 3380 549 3413 F
653 3379 697 3412 93
711 3380 840 3412 inculto
856 3379 1047 3412 Mommsen
1164 3375 1208 3409 94
1223 3388 1376 3409 noncava
1387 3375 1416 3408 Ο
1482 3375 1627 3417 longuas
1637 3373 1675 3406 F
1787 3371 1832 3405 95
1848 3376 2021 3414 porrectae
2037 3369 2068 3401 T
2067 3370 2095 3401 G
2162 3379 2225 3410 rup
2236 3382 2272 3397 *ss
2283 3378 2322 3399 us
2339 3366 2387 3398 Ca

170 3440 214 3473 96
239 3438 364 3484 gelido]
398 3439 512 3482 gladio
530 3438 567 3470 F
722 3436 765 3470 97
797 3437 996 3469 anachorita
1019 3434 1146 3476 TCbF,
1179 3434 1401 3467 anachorinta
1425 3433 1458 3465 P
1615 3431 1659 3463 99
1677 3433 1766 3475 fort,
1792 3442 1859 3473 quo
1891 3429 1944 3461 Ιιίε
1975 3433 2004 3460 εἱ
2028 3439 2057 3459 v.
2080 3429 2142 3459 105
2258 3424 2340 3456 elias
2365 3424 2394 3455 C

173 3498 240 3532 100
265 3498 426 3530 macharii
452 3496 550 3529 codd.
634 3495 849 3539 paphnucius
870 3494 940 3535 CF,
974 3494 1153 3537 pafnutius
1176 3492 1213 3532 Τ,
1239 3492 1439 3535 pafuuntius
1456 3489 1489 3521 P
1621 3488 1683 3521 101
1711 3500 1831 3521 camon
1852 3487 1891 3527 P,
1916 3496 2040 3518 amnon
2059 3483 2096 3516 F
2177 3481 2332 3524 hylarion
2353 3480 2389 3519 G,

171 3556 319 3589 celarion
336 3554 369 3587 P
487 3551 553 3585 104
578 3560 757 3596 parentum
775 3551 812 3583 F
926 3549 992 3584 107
1018 3556 1130 3584 coctas
1151 3550 1200 3582 Ca
1328 3546 1394 3580 1Οὸ
1419 3547 1558 3590 pinguis
1575 3546 1616 3585 P,
1642 3547 1787 3588 pinguas
1808 3543 1983 3576 Cadmeas
2003 3540 2126 3580 streete,
2155 3538 2219 3570 uisi
2244 3538 2390 3580 pingues

174 3619 234 3646 am
259 3612 397 3656 pinguis
414 3613 511 3654 sorte
536 3610 624 3643 idem
648 3609 749 3642 valet’
765 3608 969 3650 Buecheler)
1099 3607 1164 3640 110
1189 3606 1333 3649 caprasii
1352 3604 1448 3637 codd.
1579 3602 1644 3635 113
1669 3603 1922 3642 monachosque
1941 3597 2164 3634 Sirmomlas;
2191 3594 2389 3626 monachus-

174 3681 241 3712 que
267 3669 365 3701 codd.
516 3664 582 3698 114
611 3668 653 3699 iis
684 3678 839 3700 sucessor
866 3667 903 3699 F
999 3667 1073 3710 agis
1097 3665 1230 3698 ‘iteravit
1255 3663 1288 3696 P
1436 3659 1500 3694 115
1525 3660 1663 3695 eucheri
1691 3660 1740 3693 Ca
1844 3659 1907 3691 iter
1932 3668 1995 3689 om.
2018 3654 2087 3688 PT
2180 3652 2292 3684 hilarii
2317 3651 2392 3691 PT,

175 3728 299 3770 hylarii
330 3725 394 3759 CF

315 3805 486 3840 Smomus.
2070 3790 2111 3825 31
